2051 3292
418 276 525 337 428
705 262 928 317 FAB.
990 260 1689 315 AESOPIARUM

745 516 795 578 F
817 513 882 578 A
907 515 962 576 B
987 515 1043 576 U
1069 514 1120 573 L
1145 512 1209 574 A
1306 513 1366 574 X
1390 448 1448 575 X
1475 515 1531 579 V
1555 514 1579 575 I
1606 513 1650 575 I.

925 654 1271 718 Combiboms
1312 657 1460 720 Duo,

417 774 738 861 DUOBUS
787 803 914 854 olim
954 801 1362 855 Combibonibus
1401 802 1504 854 fuit

417 890 589 945 Pofita
617 892 804 955 lagena
833 886 1041 939 fiffilis:
1084 885 1162 952 cuj
1173 902 1231 934 us
1255 885 1438 937 videns

415 974 654 1045 Speciem
680 972 976 1022 indecoram
999 969 1171 1037 coepit
1194 984 1338 1018 unus
1362 967 1622 1037 hospitem

417 1059 777 1115 Vehementer
806 1057 1099 1123 increpare,
1138 1068 1243 1103 non
1270 1052 1454 1103 vinum
1474 1061 1622 1103 ratus

415 1141 498 1194 Ibi
527 1139 783 1192 contineri
809 1136 945 1207 posse
971 1134 1066 1187 nifi
1093 1133 1389 1188 vilissimum
1404 1150 1427 1198 ,·

413 1226 513 1286 Et,
552 1223 803 1275 afferatur
831 1223 932 1272 alia
961 1221 1212 1280 nobilior,
1245 1219 1412 1287 jubet.

414 1307 521 1362 Sed
565 1305 801 1376 prohibet
833 1306 999 1356 alter:
1049 1303 1254 1372 Quippe
1295 1318 1422 1361 nos,
1459 1301 1561 1362 ait,
1600 1299 1744 1369 prius

413 1393 584 1448 Decet
611 1391 862 1462 experiri,
902 1391 1031 1458 quid
1058 1392 1230 1459 liquor
1264 1388 1438 1457 sapiat.
1490 1387 1669 1438 Placet

413 1476 725 1531 Confilium:
763 1477 851 1529 ubi
881 1487 1058 1530 autem
1100 1477 1408 1544 gustfirunt,
1447 1476 1632 1526 vinum
1656 1471 1807 1524 fimul

414 1562 518 1615 Hic
561 1563 720 1624 diclt,
772 1562 862 1614 ille
903 1562 1186 1614 confitetur
1222 1565 1491 1631 optimum.

486 1650 783 1702 Praestantis
815 1651 975 1701 animi
1004 1651 1231 1716 viyidam
1258 1649 1393 1718 saepe
1421 1647 1652 1699 indolem

411 1733 664 1799 Horrida,
704 1736 973 1790 inhonesta
1011 1736 1233 1804 corporis
1267 1738 1288 1776 5
1312 1734 1502 1803 speeies
1544 1733 1691 1800 tegit.

704 1919 1183 1984 FABULA
1282 1920 1688 1985 XXVIII.

929 2093 1100 2155 Canis
1142 2090 1211 2156 Εἴ
1247 2093 1457 2153 Herm.

410 2189 601 2274 Foss
619 2240 657 2274 A
676 2242 721 2274 M.
762 2223 816 2273 in
842 2221 1154 2289 profundam
1180 2229 1357 2273 ruerat
1384 2221 1690 2290 imprudens
1721 2221 1906 2285 Canis,

409 2303 698 2371 Multisque
727 2303 914 2355 frustra
942 2302 1135 2354 nisibus
1162 2310 1461 2355 tentaverat

408 2386 654 2446 Refilire,
703 2385 854 2438 feffos
896 2388 1109 2439 humido
1147 2388 1359 2440 demum
1397 2387 1501 2439 solo

409 2472 619 2539 Abjecit
655 2480 827 2533 artUS,
865 2474 1021 2541 seque
1047 2483 1220 2527 totum
1248 2474 1465 2525 tradidit

409 2554 637 2608 Moerori
660 2554 860 2605 acerbo.
900 2554 1015 2608 Huc
1045 2556 1176 2610 forte
1204 2553 1360 2623 paulo
1387 2555 1493 2624 post
1521 2554 1692 2608 Herus

407 2637 664 2700 Devenit3
719 2636 774 2689 &
806 2639 1056 2708 respexit,
1107 2638 1164 2690 &
1202 2638 1384 2690 videns
1423 2638 1570 2690 suum

409 2722 570 2777 Hunc
594 2721 724 2785 esse,
759 2723 940 2777 statuit
964 2724 1210 2786 liberare3
1248 2740 1344 2774 nec
1368 2740 1539 2787 mora,

451 2865 676 2910 ΞΟνὶἀίυε,
701 2866 785 2902 Am.
811 2867 900 2903 L..2
925 2866 990 2903 Ele
971 2877 1028 2911 eg.
1048 2876 1080 2908 4.
1105 2866 1152 2901 V
1168 2867 1220 2907 46.

697 2909 785 2946 Haec
807 2909 1128 2957 meliors-ecice
1131 2909 1290 2987 0p·0is:
1319 2909 1505 2955 illasapi't.
