2051 3292
466 474 514 536 F
544 468 607 532 A
636 471 691 534 Β
724 469 781 532 U
811 468 863 529 L
897 465 960 529 A
1073 469 1131 531 X
1161 468 1188 530 Ι
1220 469 1294 534 V.

516 619 647 691 Sol,
694 617 904 690 Mons,
952 613 1022 680 &f
1065 617 1273 680 Vallis.

106 720 190 806 M
207 772 240 806 o
259 771 298 805 N
316 766 368 812 S,
396 749 575 802 nubila
601 749 739 798 inter
766 746 969 798 aridum
995 747 1223 799 condens
1251 755 1433 818 caput,

104 835 341 900 Jaffl:abat
378 833 526 886 astris
557 828 922 882 celsitudinem
948 828 1121 891 suam,

109 924 311 976 Dolens
340 913 544 969 intere&
566 914 753 966 sortem
783 915 932 966 vallis
958 915 1236 983 proximae,

105 1007 461 1071 miseransque
488 1008 635 1052 tanto
662 999 939 1052 obnoxiam
965 1001 1302 1069 contemptui.

107 1091 281 1146 Audit
305 1090 532 1140 micante
558 1103 719 1138 curru
745 1085 831 1139 Sol
857 1086 1112 1136 revehens
1142 1085 1281 1137 diem
1295 1110 1317 1148 ,-

104 1175 178 1228 Et
203 1173 271 1224 fic
300 1173 512 1223 inanem
539 1171 772 1237 reprimit
801 1169 1123 1238 superbiam:

107 1258 318 1318 Instme,
359 1255 485 1324 quid
511 1254 670 1304 habes
690 1292 704 1315 ,
738 1252 842 1320 ipse
868 1270 961 1303 cur
987 1250 1135 1321 posfis
1162 1251 1260 1304 tibi

105 1342 315 1394 Placere
343 1337 592 1391 tantum?
625 1339 707 1391 De
736 1346 831 1389 tuo
857 1337 1055 1388 excelso
1077 1337 1205 1404 jugo

106 1424 250 1485 Quid
277 1422 513 1490 gloriaris
529 1421 557 1473 ’ἐ
597 1421 685 1472 Est
713 1421 854 1472 idem
878 1419 1013 1471 illud
1038 1418 1308 1470 horridum
1327 1454 1344 1480 ,

108 1514 177 1568 Et
208 1510 540 1579 inhospitale.
579 1509 750 1565 Vallis
780 1509 892 1561 haec
921 1516 1104 1561 contra
1126 1507 1294 1576 jacet,

105 1600 339 1654 Humilis
357 1638 371 1661 ,
411 1609 685 1670 amatque,
726 1599 902 1652 clausa
930 1597 1100 1649 denfis
1129 1597 1376 1658 saltibu3‚

105 1685 292 1739 Latere
317 1685 373 1735 in
400 1682 613 1734 umbra:
643 1683 767 1733 rivis
792 1679 1041 1731 uberibus
1071 1687 1280 1740 tamen,

105 1764 385 1833 Etiamque
412 1763 634 1815 flumine
662 1765 905 1832 irrigata,
944 1763 1197 1832 plurimos

106 1848 279 1901 Habet
307 1850 552 1910 colonOS,
580 1849 771 1918 quibus
797 1865 956 1918 opum
985 1851 1175 1901 almam
1201 1846 1391 1901 sufficit

110 1930 426 1983 Idonearum
455 1933 685 2002 copiam,
724 1933 780 1987 &
808 1940 1008 1985 certam
1033 1930 1187 1983 simul

112 2020 435 2073 Felicitatem
457 2021 758 2091 singulatim
785 2023 990 2077 dividit.

184 2106 294 2159 Hos
334 2107 515 2161 fabula
552 2119 733 2164 monet
750 2149 766 2173 ,
804 2113 899 2180 qui
926 2111 1164 2178 supremo
1193 2109 1258 2160 de
1284 2106 1455 2177 gradu

113 2184 247 2239 Cum
275 2194 480 2240 ceteros
508 2188 818 2258 despiciant,
854 2193 1068 2263 prosunt
1094 2192 1310 2245 nemini.

512 2379 560 2442 F
591 2375 653 2443 A
682 2381 738 2444 Β
767 2381 825 2445 U
854 2382 906 2445 L
938 2378 1003 2444 A
1120 2384 1181 2446 X
1214 2384 1287 2450 V.

517 2529 678 2594 Puer
717 2529 788 2596 ξς
829 2531 978 2595 Nux
1013 2538 1287 2618 cchflcmecb.

115 2631 330 2726 Qun)
350 2675 454 2713 AM
491 2669 756 2731 repererat
795 2659 927 2714 forte
966 2662 1262 2715 castaneam
1284 2660 1493 2716 Nucem

114 2739 283 2796 Puer:
321 2746 652 2812 coquendam
680 2746 883 2799 fervido
913 2747 1077 2798 cineri
1105 2746 1278 2797 statim

114 2825 399 2881 Commffit.
449 2828 641 2885 Aestus
675 2829 768 2884 illa
791 2845 898 2883 non
934 2828 1232 2882 tolerabiles
1365 2895 1413 2950 G

1431 2913 1467 2965 g

1508 2932 1542 2966 3
