2051 3292
81 478 322 530 Manere!
363 476 538 537 Certe,
576 478 631 527 ni
655 487 922 528 moveatur
946 475 1121 539 ociuS,

81 559 323 611 Obducta
350 559 529 609 misero
560 557 744 610 cuncta
766 561 1110 625 languescent
1135 559 1259 618 fitu,

82 648 188 703 Vix
215 662 274 696 ea
302 647 479 697 locuto
508 655 697 698 ventus
727 663 792 697 en
817 646 1112 714 supervenit

81 733 307 791 Aridus,
345 728 402 781 &
429 748 579 783 auras
605 733 876 801 pestilente
898 733 1086 785 inertia

76 817 312 876 Liberat,
352 813 409 865 &
440 832 622 867 omnes
647 816 786 867 illico
814 816 1032 867 nebulas
1058 816 1236 884 fugat,

76 900 358 967 Solemque
381 899 573 966 campis
601 899 769 948 reddit
792 897 1172 966 optatisfimurn.

79 986 241 1043 Atat,
282 982 511 1034 Colonus
540 984 714 1050 inquit
742 983 1029 1045 admiranS,
1066 1001 1222 1052 prope
1257 983 1330 1036 est

79 1070 156 1122 Ut
181 1070 269 1119 illa
303 1065 452 1135 plane
480 1083 621 1118 nunc
650 1067 915 1136 refellam,
954 1084 1071 1135 quae
1097 1065 1240 1136 prius

80 1153 286 1208 Acerba
313 1152 419 1203 dixi
444 1152 497 1202 in
521 1168 674 1201 omne
700 1160 976 1203 ventorum
1003 1168 1201 1220 genus:

79 1242 219 1297 Nam
242 1242 326 1293 vel
351 1240 633 1307 Aquilonis
654 1239 745 1290 iste
777 1239 935 1290 flatus
952 1279 966 1301 ,
1006 1241 1099 1306 qui
1126 1238 1279 1290 modo

80 1326 303 1391 Irrupit,
341 1322 516 1374 omnia
547 1321 798 1372 recreavit
824 1319 1106 1372 commode.

156 1406 539 1459 Commotiones
576 1408 598 1446 5
634 1405 800 1456 cordis
835 1404 1049 1456 humani
1087 1404 1237 1455 docet

85 1492 322 1551 Fabella,
357 1499 541 1543 ventos
580 1487 680 1540 effe
725 1489 1006 1556 quosdam,
1044 1489 1137 1556 qui
1172 1488 1311 1539 vices

86 1575 344 1627 Obeundo
375 1576 538 1627 varias
562 1571 713 1629 modo
739 1583 957 1636 nocent,
994 1572 1148 1625 modo
1176 1569 1233 1624 &
1252 1572 1458 1640 juvant.

449 1761 497 1823 F
544 1757 606 1822 A
650 1762 705 1822 Β
756 1761 813 1822 U
858 1760 909 1822 L
952 1756 1015 1821 A
1127 1759 1182 1823 V
1215 1759 1261 1820 Ι.

440 1916 768 1976 Adolescens
795 1910 865 1977 55
901 1914 1227 1993 Anguillcce.
1273 1909 1296 1945 ⁶

94 2023 210 2108 FA
230 2071 258 2105 c
276 2070 310 2104 T
328 2070 365 2104 U
382 2068 407 2103 s
445 2060 465 2095 'l
499 2070 681 2114 manu,
718 2054 941 2106 scatebat
969 2053 1238 2123 Anguillis
1265 2053 1436 2105 lacus:

93 2137 210 2190 Huc
243 2135 431 2186 otiosus
458 2136 778 2188 Adolescens
804 2138 1110 2198 accesserat,

93 2221 203 2281 Qui
228 2219 477 2286 quasdam
502 2236 682 2270 earum
712 2218 832 2270 cum
861 2229 1102 2272 natantes
1129 2228 1396 2281 cerneret,

94 2301 277 2355 Piscari
302 2301 495 2352 voluit:
523 2317 645 2367 ergo
670 2298 889 2355 nudavit
911 2303 1070 2370 pedes

95 2390 167 2442 Et
189 2388 424 2449 brachia3
460 2390 769 2457 lacumque,
808 2398 866 2442 ut
894 2399 1006 2440 erat
1031 2391 1326 2442 altitudinis

140 2560 162 2597 5
182 2552 308 2589 Cicero
324 2573 332 2587 ‚
356 2548 506 2597 Tuscul.
531 2549 571 2584 L.
586 2558 616 2593 3.
641 2549 678 2586 C.
692 2557 725 2590 4.
754 2549 888 2595 Quid?
910 2548 983 2584 tibi
1010 2552 1191 2585 omnisne
1212 2552 1343 2586 animi
1365 2549 1567 2585 commotio
1587 2549 1652 2582 in-

219 2593 335 2638 sania
350 2593 506 2626 vaiecnr
520 2593 540 2626 Ρ
576 2595 616 2627 L.
634 2602 667 2635 4.
696 2593 733 2628 C.
748 2598 801 2630 28.
840 2594 950 2626 Inter
972 2604 1106 2628 omnes
1125 2597 1326 2629 convenire
1347 2598 1492 2637 oportet
1507 2618 1516 2633 ‚
1552 2602 1652 2627 ccm-

212 2635 411 2670 ’motiones
432 2636 659 2670 animorum
683 2635 708 2668 cz
730 2636 837 2671 reem
867 2637 1023 2671 racione
1042 2638 1229 2684 avmfln,
1254 2638 1320 2684 ejffe
1343 2636 1524 2682 vitiosas,

140 2694 164 2729 6
183 2692 380 2728 D'Arde'ne
394 2714 403 2729 ‚
428 2692 540 2727 Fable
557 2701 610 2736 47-

145 2762 165 2787 ¹7
188 2753 305 2790 Varro
320 2773 328 2787 ,
363 2750 408 2783 de
430 2759 468 2783 re
491 2748 573 2783 rust.
596 2748 684 2791 L.3.
707 2748 744 2785 C.
761 2758 813 2783 11.
871 2748 945 2785 Ubi
973 2748 1025 2793 fic
1064 2751 1274 2785 naturalis
1305 2751 1379 2783 aut
1410 2746 1546 2784 lacus,
1578 2741 1653 2774 ‘12⁶3

150 2788 159 2797 '
222 2793 411 2839 stagnum
426 2815 434 2829 ,
471 2796 542 2824 auc
565 2801 682 2838 manu
704 2790 798 2825 facta
815 2793 990 2835 piscina.
1044 2794 1173 2832 Cicero
1189 2817 1199 2833 ,
1237 2793 1284 2829 de
1305 2794 1373 2828 fin.
1407 2791 1479 2824 bon
1509 2787 1543 2824 &
1565 2783 1656 2820 mal-

231 2836 315 2879 L.3.
341 2835 444 2873 022.
487 2835 537 2870 In
561 2832 747 2878 oper-thus
767 2844 883 2874 manu
906 2835 1023 2871 factis.

1390 2892 1517 2945 liz
