2051 3292
435 299 545 354 292
727 282 954 337 FAB.
1021 282 1717 338 AESOPIARUM

433 543 624 605 Miror,
661 540 801 611 qubd
829 542 1054 610 optimus
1081 539 1268 591 harum
1297 539 1546 595 Phaedrus
1572 543 1763 596 artifex

434 627 521 682 Ab
562 625 799 678 instituta
837 623 1057 676 abiverit
1094 621 1311 692 paulum
1350 626 1435 676 via

433 711 684 768 Diversus
711 718 734 753 4
757 730 772 772 ;
815 709 1082 774 animique
1108 710 1409 775 aegritudini
1436 710 1752 782 obsequenS,

435 797 564 853 Viro
590 795 789 866 potenti
817 802 1025 860 turpem
1054 790 1289 842 inusserit
1314 801 1510 848 notam.

434 881 539 935 Sed
566 881 741 950 qualis
768 877 924 929 illum
949 877 1202 927 maximas
1227 875 1468 944 injecerit

432 965 497 1019 In
525 963 846 1016 calamitates
872 959 1051 1028 culpa,
1088 976 1298 1012 narrare
1325 956 1411 1011 hic
1439 958 1588 1012 libet.

506 1051 603 1103 Par
629 1049 906 1117 diginitate
922 1086 935 1109 ,
973 1046 1200 1116 superior
1224 1045 1461 1116 potentia.

433 1131 720 1186 Caesaribus
737 1171 752 1195 ,
789 1149 899 1182 uno
926 1131 1166 1200 Principe
1194 1130 1407 1182 Tiberio
1438 1131 1636 1193 minor,

433 1218 652 1286 Sejanus
678 1217 915 1268 homines
947 1214 1266 1284 despiciebat
1294 1224 1514 1290 ceteros*

432 1301 614 1371 Longe
639 1311 863 1356 remotos
899 1301 1033 1353 Infra
1058 1300 1137 1353 se:
1175 1303 1333 1352 immo
1359 1300 1577 1351 traditas

431 1386 644 1457 Imperii
671 1384 898 1436 habenas
923 1383 1227 1435 continebat
1261 1388 1282 1423 5
1319 1381 1584 1451 improbus

432 1471 755 1527 Dominator.
792 1467 1053 1530 HumiliS‚
1093 1485 1151 1520 ac
1181 1469 1360 1520 tenuis
1387 1466 1769 1534 homunculus,

434 1557 542 1618 Qui
569 1561 775 1624 gereret
800 1555 1000 1607 animos
1029 1554 1161 1606 sorte
1190 1554 1411 1622 majores
1437 1553 1523 1606 sua
1539 1592 1553 1616 ,

432 1640 657 1694 Tristem
674 1678 687 1701 ‚
720 1648 773 1692 at
800 1638 1083 1691 verendam
1106 1639 1487 1692 immanitatem
1513 1656 1619 1691 non
1644 1639 1800 1694 tulit:

432 1725 706 1784 LibertuS,
743 1723 917 1774 omnia
940 1720 1071 1774 forte
1106 1722 1338 1775 nondum
1364 1722 1591 1790 pristinae

434 1809 541 1870 Qui
567 1807 831 1860 servitutis
859 1815 1166 1874 argumenta
1200 1805 1469 1866 amiserat,
1519 1801 1528 1809 ’

432 1888 583 1949 Tali,
623 1897 874 1956 tantoque
910 1887 1272 1957 sempiternam
1310 1888 1518 1939 inurere

433 1972 620 2042 Sejano
645 1971 897 2024 Phaedrus
925 1973 1076 2024 ausus
1109 1972 1182 2024 est
1205 1970 1490 2027 infamiam.

506 2056 644 2110 Nam
668 2055 790 2109 cum
819 2057 940 2118 ille,
978 2056 1150 2109 factus
1177 2058 1233 2108 in
1258 2058 1369 2109 dies
1397 2058 1563 2126 magis
1587 2057 1840 2123 insolens„

435 2143 535 2198 Sbi
559 2141 852 2212 postuiasset
882 2143 1120 2195 Livillam
1145 2160 1360 2196 uxorem
1387 2144 1530 2206 dari,

431 2225 671 2279 Livillam
695 2225 846 2278 Drufi
870 2225 1033 2278 filiam
1059 2226 1381 2288 Germanici,

432 2308 603 2370 Quam
630 2308 819 2360 deinde
844 2310 1019 2377 magni
1048 2309 1205 2361 Ca‘ius
1234 2308 1460 2375 Augusti
1486 2322 1678 2377 nepOS,

431 2394 553 2448 Mox
578 2391 772 2444 Drusus
801 2393 959 2443 etiam
986 2400 1139 2444 natus
1165 2392 1365 2444 Tiberii
1389 2393 1574 2443 unicus
1593 2429 1611 2451 ,

432 2475 622 2530 Adhuc
651 2477 787 2528 bona
824 2484 979 2528 aetate
1003 2476 1212 2527 viduam
1245 2473 1591 2541 reliquerant:

433 2557 631 2612 Rumor
654 2576 745 2628 per
773 2560 958 2610 urbem
985 2557 1050 2608 de
1078 2556 1214 2610 malo
1243 2556 1395 2625 hujus
1425 2556 1621 2610 ambitu

474 2728 497 2763 4
520 2717 700 2762 Virgilius
715 2741 724 2757 ‚
749 2719 847 2753 Aen.
873 2714 917 2750 L.
936 2721 968 2765 ᾗ.
994 2715 1042 2765 V:
1057 2715 1132 2750 106.

812 2761 895 2800 Qun
919 2760 1082 2793 dwerius
1108 2757 1215 2793 abis?

474 2829 496 2868 5
520 2821 719 2860 Phaedrus.
745 2821 835 2862 L.3‚
861 2819 993 2854 Fauo.
1018 2820 1113 2857 V.6.

723 2866 863 2908 jugum
887 2862 1038 2907 flagello
1062 2870 1250 2906 temperat
1274 2861 1382 2897 lento
1407 2873 1561 2905 meum,

723 2908 769 2944 Et
793 2907 869 2943 lora
890 2906 1006 2942 frenis
1028 2908 1198 2943 continet
1220 2905 1488 2952 spumantibus,
