<?xml version="1.0" encoding="UTF-8"?>
<!DOCTYPE html PUBLIC "-//W3C//DTD XHTML 1.0 Transitional//EN"
    "http://www.w3.org/TR/xhtml1/DTD/xhtml1-transitional.dtd">
<html xmlns="http://www.w3.org/1999/xhtml" xml:lang="en" lang="en">
 <head>
  <title>
</title>
<meta http-equiv="Content-Type" content="text/html;charset=utf-8" />
  <meta name='ocr-system' content='tesseract 3.04.00' />
  <meta name='ocr-capabilities' content='ocr_page ocr_carea ocr_par ocr_line ocrx_word'/>
</head>
<body>
  <div class='ocr_page' id='page_1' title='image "./francjosephidesb02desb_0114.png"; bbox 0 0 2051 3292; ppageno 0'>
   <div class='ocr_carea' id='block_1_1' title="bbox 427 160 1998 434">
    <p class='ocr_par' dir='ltr' id='par_1_1' title="bbox 427 160 1998 434">
     <span class='ocr_line' id='line_1_1' title="bbox 427 160 1998 434; baseline 0 2858"><span class='ocrx_word' id='word_1_1' title='bbox 427 160 1998 434; x_wconf 95' lang='lat' dir='ltr'> </span> 
     </span>
    </p>
   </div>
   <div class='ocr_carea' id='block_1_2' title="bbox 787 485 1663 554">
    <p class='ocr_par' dir='ltr' id='par_1_2' title="bbox 787 485 1663 554">
     <span class='ocr_line' id='line_1_2' title="bbox 787 485 1663 554; baseline 0.001 -2"><span class='ocrx_word' id='word_1_2' title='bbox 787 485 1291 552; x_wconf 80' lang='lat' dir='ltr'><strong>FABULA</strong></span> <span class='ocrx_word' id='word_1_3' title='bbox 1386 491 1663 554; x_wconf 83' lang='lat' dir='ltr'><strong>XXII.</strong></span> 
     </span>
    </p>
   </div>
   <div class='ocr_carea' id='block_1_3' title="bbox 893 631 1575 699">
    <p class='ocr_par' dir='ltr' id='par_1_3' title="bbox 893 631 1575 699">
     <span class='ocr_line' id='line_1_3' title="bbox 893 631 1575 699; baseline 0.009 -5"><span class='ocrx_word' id='word_1_4' title='bbox 893 631 1220 697; x_wconf 66' lang='lat' dir='ltr'>Taurus&amp;</span> <span class='ocrx_word' id='word_1_5' title='bbox 1253 635 1322 697; x_wconf 92' lang='lat' dir='ltr'><em>V</em></span> <span class='ocrx_word' id='word_1_6' title='bbox 1315 637 1510 699; x_wconf 62' lang='lat' dir='ltr'>illinus.</span> <span class='ocrx_word' id='word_1_7' title='bbox 1552 641 1575 677; x_wconf 75' lang='lat'>3</span> 
     </span>
    </p>
   </div>
   <div class='ocr_carea' id='block_1_4' title="bbox 425 750 1801 1184">
    <p class='ocr_par' dir='ltr' id='par_1_4' title="bbox 425 750 1801 1096">
     <span class='ocr_line' id='line_1_4' title="bbox 429 750 1743 836; baseline -0.002 0"><span class='ocrx_word' id='word_1_8' title='bbox 429 750 505 836; x_wconf 84' lang='grc' dir='ltr'><strong>Τ</strong></span> <span class='ocrx_word' id='word_1_9' title='bbox 525 800 566 834; x_wconf 87' lang='lat' dir='ltr'>A</span> <span class='ocrx_word' id='word_1_10' title='bbox 582 800 622 834; x_wconf 75' lang='grc' dir='ltr'>σ</span> <span class='ocrx_word' id='word_1_11' title='bbox 640 799 678 831; x_wconf 82' lang='lat' dir='ltr'>R</span> <span class='ocrx_word' id='word_1_12' title='bbox 696 796 734 831; x_wconf 83' lang='lat' dir='ltr'>U</span> <span class='ocrx_word' id='word_1_13' title='bbox 749 795 776 830; x_wconf 89' lang='lat' dir='ltr'>s</span> <span class='ocrx_word' id='word_1_14' title='bbox 803 778 958 830; x_wconf 85' lang='lat' dir='ltr'>ferire</span> <span class='ocrx_word' id='word_1_15' title='bbox 985 777 1224 829; x_wconf 88' lang='lat' dir='ltr'>cornibus</span> <span class='ocrx_word' id='word_1_16' title='bbox 1251 779 1406 830; x_wconf 84' lang='lat' dir='ltr'>ausus</span> <span class='ocrx_word' id='word_1_17' title='bbox 1433 782 1506 832; x_wconf 87' lang='lat' dir='ltr'>est</span> <span class='ocrx_word' id='word_1_18' title='bbox 1529 781 1710 833; x_wconf 90' lang='lat' dir='ltr'>herum</span> <span class='ocrx_word' id='word_1_19' title='bbox 1727 801 1743 834; x_wconf 71' lang='grc' dir='ltr'>ε</span> 
     </span>
     <span class='ocr_line' id='line_1_5' title="bbox 427 860 1763 920; baseline 0.001 -1"><span class='ocrx_word' id='word_1_20' title='bbox 427 866 690 919; x_wconf 86' lang='lat' dir='ltr'>Secantur</span> <span class='ocrx_word' id='word_1_21' title='bbox 717 862 824 912; x_wconf 76' lang='lat' dir='ltr'>illa.</span> <span class='ocrx_word' id='word_1_22' title='bbox 867 860 1020 912; x_wconf 88' lang='lat' dir='ltr'>Tunc</span> <span class='ocrx_word' id='word_1_23' title='bbox 1049 878 1247 912; x_wconf 78' lang='lat' dir='ltr'>novum</span> <span class='ocrx_word' id='word_1_24' title='bbox 1274 865 1534 914; x_wconf 80' lang='lat' dir='ltr'>meditans</span> <span class='ocrx_word' id='word_1_25' title='bbox 1568 866 1763 920; x_wconf 79' lang='lat' dir='ltr'>scelus:</span> 
     </span>
     <span class='ocr_line' id='line_1_6' title="bbox 425 944 1801 1018; baseline 0.001 -16"><span class='ocrx_word' id='word_1_26' title='bbox 425 947 584 1002; x_wconf 83' lang='lat' dir='ltr'>Haud</span> <span class='ocrx_word' id='word_1_27' title='bbox 612 960 818 1004; x_wconf 83' lang='lat' dir='ltr'>vereor,</span> <span class='ocrx_word' id='word_1_28' title='bbox 857 944 1061 1011; x_wconf 73' lang='lat' dir='ltr'>inquit,</span> <span class='ocrx_word' id='word_1_29' title='bbox 1095 961 1163 994; x_wconf 90' lang='lat' dir='ltr'>ne</span> <span class='ocrx_word' id='word_1_30' title='bbox 1191 945 1319 996; x_wconf 86' lang='lat' dir='ltr'>mihi</span> <span class='ocrx_word' id='word_1_31' title='bbox 1343 946 1585 1001; x_wconf 73' lang='lat' dir='ltr'><strong>secentur</strong></span> <span class='ocrx_word' id='word_1_32' title='bbox 1612 950 1801 1018; x_wconf 83' lang='lat' dir='ltr'>pedes:</span> 
     </span>
     <span class='ocr_line' id='line_1_7' title="bbox 433 1026 1574 1096; baseline 0 -14"><span class='ocrx_word' id='word_1_33' title='bbox 433 1027 712 1095; x_wconf 81' lang='lat' dir='ltr'>Simulque</span> <span class='ocrx_word' id='word_1_34' title='bbox 739 1027 881 1077; x_wconf 79' lang='lat' dir='ltr'>calce</span> <span class='ocrx_word' id='word_1_35' title='bbox 905 1026 1160 1081; x_wconf 74' lang='lat' dir='ltr'>villicum</span> <span class='ocrx_word' id='word_1_36' title='bbox 1185 1026 1408 1096; x_wconf 51' lang='lat' dir='ltr'>impasto</span> <span class='ocrx_word' id='word_1_37' title='bbox 1435 1030 1574 1083; x_wconf 82' lang='lat' dir='ltr'>ferit.</span> 
     </span>
    </p>

    <p class='ocr_par' dir='ltr' id='par_1_5' title="bbox 503 1111 1588 1184">
     <span class='ocr_line' id='line_1_8' title="bbox 503 1111 1588 1184; baseline 0.004 -18"><span class='ocrx_word' id='word_1_38' title='bbox 503 1115 657 1168; x_wconf 83' lang='lat' dir='ltr'>Ratio</span> <span class='ocrx_word' id='word_1_39' title='bbox 687 1113 913 1164; x_wconf 89' lang='lat' dir='ltr'>nocendi</span> <span class='ocrx_word' id='word_1_40' title='bbox 940 1111 1167 1182; x_wconf 81' lang='lat' dir='ltr'>suppetit</span> <span class='ocrx_word' id='word_1_41' title='bbox 1196 1113 1395 1184; x_wconf 84' lang='lat' dir='ltr'>semper</span> <span class='ocrx_word' id='word_1_42' title='bbox 1420 1118 1588 1171; x_wconf 76' lang='lat' dir='ltr'>malis,</span> 
     </span>
    </p>
   </div>
   <div class='ocr_carea' id='block_1_5' title="bbox 747 1299 1680 1511">
    <p class='ocr_par' dir='ltr' id='par_1_6' title="bbox 747 1299 1680 1511">
     <span class='ocr_line' id='line_1_9' title="bbox 747 1299 1680 1371; baseline 0.008 -7"><span class='ocrx_word' id='word_1_43' title='bbox 747 1299 1250 1366; x_wconf 85' lang='lat' dir='ltr'>FABULA</span> <span class='ocrx_word' id='word_1_44' title='bbox 1335 1305 1680 1371; x_wconf 87' lang='lat' dir='ltr'><strong>XXIII.</strong></span> 
     </span>
     <span class='ocr_line' id='line_1_10' title="bbox 1135 1447 1320 1511; baseline 0 0"><span class='ocrx_word' id='word_1_45' title='bbox 1135 1447 1320 1511; x_wconf 74' lang='lat' dir='ltr'>Culex.</span> 
     </span>
    </p>
   </div>
   <div class='ocr_carea' id='block_1_6' title="bbox 410 1563 1767 2751">
    <p class='ocr_par' dir='ltr' id='par_1_7' title="bbox 427 1563 1593 1746">
     <span class='ocr_line' id='line_1_11' title="bbox 428 1563 1593 1649; baseline -0.003 0"><span class='ocrx_word' id='word_1_46' title='bbox 428 1563 499 1649; x_wconf 76' lang='lat' dir='ltr'><strong>E</strong></span> <span class='ocrx_word' id='word_1_47' title='bbox 531 1615 562 1649; x_wconf 77' lang='lat' dir='ltr'>F</span> <span class='ocrx_word' id='word_1_48' title='bbox 580 1614 631 1647; x_wconf 81' lang='lat' dir='ltr'>AE</span> <span class='ocrx_word' id='word_1_49' title='bbox 651 1612 679 1647; x_wconf 85' lang='lat' dir='ltr'>c</span> <span class='ocrx_word' id='word_1_50' title='bbox 696 1611 730 1644; x_wconf 83' lang='lat' dir='ltr'>E</span> <span class='ocrx_word' id='word_1_51' title='bbox 758 1593 908 1644; x_wconf 78' lang='lat' dir='ltr'>vacui</span> <span class='ocrx_word' id='word_1_52' title='bbox 936 1590 1055 1644; x_wconf 70' lang='lat' dir='ltr'>cum</span> <span class='ocrx_word' id='word_1_53' title='bbox 1083 1589 1210 1643; x_wconf 82' lang='lat' dir='ltr'>esset:</span> <span class='ocrx_word' id='word_1_54' title='bbox 1236 1603 1453 1644; x_wconf 73' lang='lat' dir='ltr'>exortus</span> <span class='ocrx_word' id='word_1_55' title='bbox 1479 1594 1593 1646; x_wconf 86' lang='lat' dir='ltr'>cadi</span> 
     </span>
     <span class='ocr_line' id='line_1_12' title="bbox 427 1673 1477 1746; baseline -0.006 -13"><span class='ocrx_word' id='word_1_56' title='bbox 427 1680 594 1733; x_wconf 77' lang='lat' dir='ltr'>Culex</span> <span class='ocrx_word' id='word_1_57' title='bbox 612 1717 624 1739; x_wconf 87' lang='lat'>‚</span> <span class='ocrx_word' id='word_1_58' title='bbox 664 1674 839 1727; x_wconf 85' lang='lat' dir='ltr'>volare</span> <span class='ocrx_word' id='word_1_59' title='bbox 865 1676 1025 1746; x_wconf 83' lang='lat' dir='ltr'>coepit</span> <span class='ocrx_word' id='word_1_60' title='bbox 1043 1713 1056 1736; x_wconf 85' lang='lat'><strong><em>,</em></strong></span> <span class='ocrx_word' id='word_1_61' title='bbox 1096 1673 1154 1726; x_wconf 84' lang='lat'>&amp;</span> <span class='ocrx_word' id='word_1_62' title='bbox 1179 1675 1349 1745; x_wconf 66' lang='lat' dir='ltr'>pennfi</span> <span class='ocrx_word' id='word_1_63' title='bbox 1374 1675 1477 1727; x_wconf 89' lang='lat' dir='ltr'>levi</span> 
     </span>
    </p>

    <p class='ocr_par' dir='ltr' id='par_1_8' title="bbox 420 1757 1767 2244">
     <span class='ocr_line' id='line_1_13' title="bbox 424 1757 1622 1827; baseline -0.005 -11"><span class='ocrx_word' id='word_1_64' title='bbox 424 1763 664 1816; x_wconf 82' lang='lat' dir='ltr'>Lustrare</span> <span class='ocrx_word' id='word_1_65' title='bbox 689 1776 939 1827; x_wconf 83' lang='lat' dir='ltr'>magnum</span> <span class='ocrx_word' id='word_1_66' title='bbox 959 1760 1144 1810; x_wconf 87' lang='lat' dir='ltr'>inane:</span> <span class='ocrx_word' id='word_1_67' title='bbox 1183 1757 1249 1809; x_wconf 90' lang='lat' dir='ltr'>fic</span> <span class='ocrx_word' id='word_1_68' title='bbox 1279 1759 1419 1809; x_wconf 88' lang='lat' dir='ltr'>enim</span> <span class='ocrx_word' id='word_1_69' title='bbox 1446 1759 1622 1810; x_wconf 86' lang='lat' dir='ltr'><strong>Iocum</strong></span> 
     </span>
     <span class='ocr_line' id='line_1_14' title="bbox 422 1838 1767 1909; baseline -0.001 -15"><span class='ocrx_word' id='word_1_70' title='bbox 422 1842 541 1899; x_wconf 81' lang='lat' dir='ltr'>Esse</span> <span class='ocrx_word' id='word_1_71' title='bbox 566 1843 704 1894; x_wconf 88' lang='lat' dir='ltr'>hunc</span> <span class='ocrx_word' id='word_1_72' title='bbox 732 1840 1027 1894; x_wconf 83' lang='lat' dir='ltr'>vocandum</span> <span class='ocrx_word' id='word_1_73' title='bbox 1052 1838 1218 1890; x_wconf 81' lang='lat' dir='ltr'>eredit</span> <span class='ocrx_word' id='word_1_74' title='bbox 1235 1876 1249 1898; x_wconf 85' lang='lat'><strong><em>,</em></strong></span> <span class='ocrx_word' id='word_1_75' title='bbox 1288 1839 1424 1889; x_wconf 83' lang='lat' dir='ltr'>intra</span> <span class='ocrx_word' id='word_1_76' title='bbox 1453 1856 1610 1906; x_wconf 86' lang='lat' dir='ltr'>quem</span> <span class='ocrx_word' id='word_1_77' title='bbox 1635 1858 1767 1909; x_wconf 80' lang='lat' dir='ltr'>vago</span> 
     </span>
     <span class='ocr_line' id='line_1_15' title="bbox 420 1920 1544 1981; baseline -0.005 -2"><span class='ocrx_word' id='word_1_78' title='bbox 420 1927 608 1981; x_wconf 83' lang='lat' dir='ltr'>Fertur</span> <span class='ocrx_word' id='word_1_79' title='bbox 634 1924 828 1976; x_wconf 78' lang='lat' dir='ltr'>volatu,</span> <span class='ocrx_word' id='word_1_80' title='bbox 870 1920 972 1974; x_wconf 83' lang='lat' dir='ltr'>Sed</span> <span class='ocrx_word' id='word_1_81' title='bbox 1001 1939 1149 1981; x_wconf 82' lang='lat' dir='ltr'>mox,</span> <span class='ocrx_word' id='word_1_82' title='bbox 1189 1930 1251 1972; x_wconf 88' lang='lat' dir='ltr'>ut</span> <span class='ocrx_word' id='word_1_83' title='bbox 1277 1921 1544 1973; x_wconf 81' lang='lat' dir='ltr'>foraminis</span> 
     </span>
     <span class='ocr_line' id='line_1_16' title="bbox 421 2004 1499 2076; baseline -0.005 -15"><span class='ocrx_word' id='word_1_84' title='bbox 421 2010 622 2076; x_wconf 74' lang='lat' dir='ltr'>Exigui</span> <span class='ocrx_word' id='word_1_85' title='bbox 651 2004 713 2059; x_wconf 84' lang='lat' dir='ltr'>ad</span> <span class='ocrx_word' id='word_1_86' title='bbox 741 2022 884 2057; x_wconf 86' lang='lat' dir='ltr'>oram</span> <span class='ocrx_word' id='word_1_87' title='bbox 913 2005 1104 2056; x_wconf 84' lang='lat' dir='ltr'>leniter</span> <span class='ocrx_word' id='word_1_88' title='bbox 1129 2004 1239 2056; x_wconf 85' lang='lat' dir='ltr'>sese</span> <span class='ocrx_word' id='word_1_89' title='bbox 1271 2005 1499 2073; x_wconf 79' lang='lat' dir='ltr'>appulit,</span> 
     </span>
     <span class='ocr_line' id='line_1_17' title="bbox 425 2087 1644 2157; baseline -0.006 -10"><span class='ocrx_word' id='word_1_90' title='bbox 425 2091 664 2148; x_wconf 79' lang='lat' dir='ltr'>Refistit:</span> <span class='ocrx_word' id='word_1_91' title='bbox 702 2088 945 2157; x_wconf 81' lang='lat' dir='ltr'>Ecqu0d‚</span> <span class='ocrx_word' id='word_1_92' title='bbox 984 2087 1156 2155; x_wconf 90' lang='lat' dir='ltr'>inquit</span> <span class='ocrx_word' id='word_1_93' title='bbox 1184 2089 1439 2140; x_wconf 86' lang='lat' dir='ltr'>attonitus</span> <span class='ocrx_word' id='word_1_94' title='bbox 1466 2098 1644 2152; x_wconf 73' lang='lat' dir='ltr'>mem,</span> 
     </span>
     <span class='ocr_line' id='line_1_18' title="bbox 421 2175 1574 2244; baseline -0.002 -13"><span class='ocrx_word' id='word_1_95' title='bbox 421 2177 652 2238; x_wconf 71' lang='lat' dir='ltr'>patulae,</span> <span class='ocrx_word' id='word_1_96' title='bbox 690 2175 1070 2244; x_wconf 73' lang='lat' dir='ltr'>profundaeque</span> <span class='ocrx_word' id='word_1_97' title='bbox 1096 2176 1285 2227; x_wconf 86' lang='lat' dir='ltr'>ostium</span> <span class='ocrx_word' id='word_1_98' title='bbox 1314 2178 1574 2244; x_wconf 77' lang='lat' dir='ltr'>voraginis</span> 
     </span>
    </p>

    <p class='ocr_par' dir='ltr' id='par_1_9' title="bbox 415 2258 1623 2499">
     <span class='ocr_line' id='line_1_19' title="bbox 420 2258 1575 2330; baseline 0.001 -17"><span class='ocrx_word' id='word_1_99' title='bbox 420 2262 535 2317; x_wconf 89' lang='lat' dir='ltr'>Hoc</span> <span class='ocrx_word' id='word_1_100' title='bbox 565 2258 665 2312; x_wconf 77' lang='lat' dir='ltr'>effe</span> <span class='ocrx_word' id='word_1_101' title='bbox 699 2260 961 2312; x_wconf 73' lang='lat' dir='ltr'>dixeritn?</span> <span class='ocrx_word' id='word_1_102' title='bbox 1002 2258 1216 2311; x_wconf 86' lang='lat' dir='ltr'>Infidias</span> <span class='ocrx_word' id='word_1_103' title='bbox 1244 2259 1327 2312; x_wconf 78' lang='lat' dir='ltr'>hic</span> <span class='ocrx_word' id='word_1_104' title='bbox 1351 2261 1575 2330; x_wconf 77' lang='lat' dir='ltr'>suspicer</span> 
     </span>
     <span class='ocr_line' id='line_1_20' title="bbox 415 2346 1623 2417; baseline -0.002 -13"><span class='ocrx_word' id='word_1_105' title='bbox 415 2352 637 2417; x_wconf 84' lang='lat' dir='ltr'>A]iquas</span> <span class='ocrx_word' id='word_1_106' title='bbox 673 2348 850 2399; x_wconf 69' lang='lat' dir='ltr'>latere.</span> <span class='ocrx_word' id='word_1_107' title='bbox 889 2346 1059 2399; x_wconf 87' lang='lat' dir='ltr'>Dulce</span> <span class='ocrx_word' id='word_1_108' title='bbox 1089 2349 1264 2399; x_wconf 83' lang='lat' dir='ltr'>nescio</span> <span class='ocrx_word' id='word_1_109' title='bbox 1295 2349 1422 2415; x_wconf 86' lang='lat' dir='ltr'>quid</span> <span class='ocrx_word' id='word_1_110' title='bbox 1446 2359 1623 2402; x_wconf 83' lang='lat' dir='ltr'>tamen</span> 
     </span>
     <span class='ocr_line' id='line_1_21' title="bbox 415 2430 1422 2499; baseline -0.003 -14"><span class='ocrx_word' id='word_1_111' title='bbox 415 2433 625 2485; x_wconf 81' lang='lat' dir='ltr'>Insueta.</span> <span class='ocrx_word' id='word_1_112' title='bbox 653 2431 830 2481; x_wconf 87' lang='lat' dir='ltr'>blandi</span> <span class='ocrx_word' id='word_1_113' title='bbox 856 2430 1007 2499; x_wconf 78' lang='lat' dir='ltr'>spirat</span> <span class='ocrx_word' id='word_1_114' title='bbox 1043 2446 1165 2482; x_wconf 85' lang='lat' dir='ltr'>aura</span> <span class='ocrx_word' id='word_1_115' title='bbox 1192 2432 1422 2484; x_wconf 81' lang='lat' dir='ltr'>luminis,</span> 
     </span>
    </p>

    <p class='ocr_par' dir='ltr' id='par_1_10' title="bbox 412 2512 1437 2579">
     <span class='ocr_line' id='line_1_22' title="bbox 412 2512 1437 2579; baseline -0.003 -12"><span class='ocrx_word' id='word_1_116' title='bbox 412 2513 696 2568; x_wconf 87' lang='lat' dir='ltr'>Tentanda</span> <span class='ocrx_word' id='word_1_117' title='bbox 721 2512 880 2562; x_wconf 87' lang='lat' dir='ltr'>dubio</span> <span class='ocrx_word' id='word_1_118' title='bbox 910 2512 983 2562; x_wconf 87' lang='lat' dir='ltr'>est</span> <span class='ocrx_word' id='word_1_119' title='bbox 1006 2512 1059 2561; x_wconf 91' lang='lat' dir='ltr'>in</span> <span class='ocrx_word' id='word_1_120' title='bbox 1082 2513 1309 2579; x_wconf 85' lang='lat' dir='ltr'>periculo</span> <span class='ocrx_word' id='word_1_121' title='bbox 1338 2513 1437 2564; x_wconf 87' lang='lat' dir='ltr'>via.</span> 
     </span>
    </p>

    <p class='ocr_par' dir='ltr' id='par_1_11' title="bbox 410 2597 1753 2751">
     <span class='ocr_line' id='line_1_23' title="bbox 410 2597 1753 2663; baseline 0 -11"><span class='ocrx_word' id='word_1_122' title='bbox 410 2600 581 2653; x_wconf 78' lang='lat' dir='ltr'>Simul</span> <span class='ocrx_word' id='word_1_123' title='bbox 612 2600 771 2650; x_wconf 78' lang='lat' dir='ltr'>intrat</span> <span class='ocrx_word' id='word_1_124' title='bbox 801 2597 1002 2648; x_wconf 81' lang='lat' dir='ltr'>audax:</span> <span class='ocrx_word' id='word_1_125' title='bbox 1042 2606 1095 2646; x_wconf 85' lang='lat' dir='ltr'>at</span> <span class='ocrx_word' id='word_1_126' title='bbox 1123 2599 1359 2649; x_wconf 82' lang='lat' dir='ltr'>canalem</span> <span class='ocrx_word' id='word_1_127' title='bbox 1387 2608 1450 2649; x_wconf 88' lang='lat' dir='ltr'>ut</span> <span class='ocrx_word' id='word_1_128' title='bbox 1477 2598 1720 2653; x_wconf 72' lang='lat' dir='ltr'>ultimum</span> <span class='ocrx_word' id='word_1_129' title='bbox 1738 2640 1753 2663; x_wconf 81' lang='grc'><em>,</em></span> 
     </span>
     <span class='ocr_line' id='line_1_24' title="bbox 412 2682 1642 2751; baseline -0.005 -13"><span class='ocrx_word' id='word_1_130' title='bbox 412 2684 607 2738; x_wconf 84' lang='lat' dir='ltr'>Partim</span> <span class='ocrx_word' id='word_1_131' title='bbox 636 2682 885 2742; x_wconf 85' lang='lat' dir='ltr'>volandO,</span> <span class='ocrx_word' id='word_1_132' title='bbox 921 2682 1109 2749; x_wconf 77' lang='lat' dir='ltr'>partim</span> <span class='ocrx_word' id='word_1_133' title='bbox 1138 2682 1366 2750; x_wconf 84' lang='lat' dir='ltr'>rependo</span> <span class='ocrx_word' id='word_1_134' title='bbox 1385 2720 1399 2742; x_wconf 90' lang='lat'><em>‚</em></span> <span class='ocrx_word' id='word_1_135' title='bbox 1438 2684 1642 2751; x_wconf 80' lang='lat' dir='ltr'>attigit:</span> 
     </span>
    </p>
   </div>
   <div class='ocr_carea' id='block_1_7' title="bbox 455 2821 1411 2871">
    <p class='ocr_par' dir='ltr' id='par_1_12' title="bbox 455 2821 1411 2871">
     <span class='ocr_line' id='line_1_25' title="bbox 455 2821 1411 2871; baseline 0.003 -12"><span class='ocrx_word' id='word_1_136' title='bbox 455 2830 475 2866; x_wconf 84' lang='lat'>8</span> <span class='ocrx_word' id='word_1_137' title='bbox 498 2821 707 2860; x_wconf 59' lang='lat' dir='ltr'>Benserade</span> <span class='ocrx_word' id='word_1_138' title='bbox 722 2848 730 2860; x_wconf 82' lang='grc'>,</span> <span class='ocrx_word' id='word_1_139' title='bbox 760 2824 843 2859; x_wconf 75' lang='lat' dir='ltr'>Fab.</span> <span class='ocrx_word' id='word_1_140' title='bbox 865 2828 936 2863; x_wconf 81' lang='lat'>118.</span> <span class='ocrx_word' id='word_1_141' title='bbox 986 2823 1039 2859; x_wconf 79' lang='lat' dir='ltr'>Le</span> <span class='ocrx_word' id='word_1_142' title='bbox 1063 2822 1183 2859; x_wconf 76' lang='lat' dir='ltr'>Noble</span> <span class='ocrx_word' id='word_1_143' title='bbox 1199 2850 1207 2860; x_wconf 75' lang='grc'><em>,</em></span> <span class='ocrx_word' id='word_1_144' title='bbox 1234 2826 1321 2862; x_wconf 79' lang='lat' dir='ltr'>Fab.</span> <span class='ocrx_word' id='word_1_145' title='bbox 1338 2836 1411 2871; x_wconf 53' lang='lat'>1042</span> 
     </span>
    </p>
   </div>
  </div>
 </body>
</html>
