2051 3292
277 203 457 256 LIB.
501 201 936 257 DECIMUS
991 199 1430 270 QUINTUS.
1550 215 1660 270 509

92 453 297 516 Semel,
337 456 636 521 iterumque
661 454 715 504 in
737 453 1034 520 jusculum3
1075 454 1133 506 δε
1157 474 1267 507 rem
1293 455 1473 508 sedulo

92 538 372 598 Observat‚
410 539 792 604 advertenfflue
818 538 1046 589 stridoris
1076 540 1208 591 nihil

91 623 222 675 Inde
253 621 470 681 exoriri,
524 619 724 686 colligit
753 621 994 673 videiicet

89 706 317 760 Nullum
341 705 562 756 calorem
588 702 773 756 inefi'e:
812 707 1057 773 quocirca
1081 713 1256 758 metus

92 790 357 859 Repudiat
385 806 592 850 οτηερς,
632 788 687 840 ἅν
715 789 932 856 ligurire
955 791 1171 860 incipit3

91 874 388 941 Statimque
414 877 733 926 lamentatur
761 875 1049 928 ambustam
1072 874 1165 926 fibi

90 959 348 1024 Linguam
375 954 430 1008 ὅ(
465 958 728 1025 palatum:
768 974 923 1025 quem
947 959 1464 1028 increpans'aliquis:
1489 962 1662 1016 Tuam

91 1037 272 1101 Certe,
309 1040 514 1107 inquit,
552 1037 653 1091 efl'e
679 1040 813 1093 hanc
843 1058 1088 1108 magnam
1113 1042 1387 1094 stultitiam
1411 1045 1613 1113 liquet:

91 1120 234 1181 Quid
259 1123 446 1173 mirum
465 1160 478 1183 ,
517 1122 676 1174 ofella
702 1121 740 1173 fi
765 1122 989 1174 calescat
1016 1125 1214 1177 tamdiu

94 1203 238 1257 Dum
266 1204 476 1256 fumat?
513 1205 602 1257 Isti
628 1205 826 1256 monito
852 1207 1141 1273 parendum
1168 1224 1381 1275 quoque

93 1285 281 1339 Conset
311 1286 480 1338 Homo
509 1287 702 1340 docilis,
736 1287 873 1339 Hinc
900 1290 953 1339 in
986 1307 1169 1355 agrum
1208 1290 1421 1359 longius

92 1369 227 1422 Cum
262 1369 597 1439 proceffiss'et,
630 1370 787 1433 serio,
827 1371 1084 1440 quantum
1110 1376 1276 1437 vaiet,

92 1455 293 1509 Audita
312 1463 587 1523 reputans,
626 1456 785 1508 fontis
814 1456 878 1506 ad
907 1456 1070 1523 gelidi
1098 1468 1254 1526 caput

92 1540 333 1593 Tandem
359 1540 531 1592 aridus
577 1540 816 1602 devenit,
856 1543 1094 1609 aestuque
1124 1541 1180 1594 &
1209 1543 1291 1595 via

93 1625 310 1694 Ipsoque
341 1624 511 1675 studio
540 1625 802 1691 cogitandi
829 1623 1050 1678 lassulus
1099 1629 1152 1679 8:

93 1710 437 1777 Restinguere
462 1708 599 1761 sitim
624 1710 979 1779 discupiebat:
1018 1711 1102 1762 sed
1127 1714 1272 1764 leves

93 1793 169 1846 Ut
194 1792 405 1860 surgere
434 1793 496 1845 ab
523 1792 661 1861 aqua
688 1793 863 1844 fumos
890 1793 1360 1856 animadverterat,

95 1876 306 1930 Secreto
331 1877 393 1928 ab
423 1877 543 1944 igne
565 1876 748 1928 latices
775 1875 878 1929 esse
905 1876 1133 1929 fervidos

93 1962 448 2024 Existimavit,
491 1977 549 2012 ac
579 1961 759 2013 timuit
783 1963 1060 2029 attingere.

95 2045 217 2099 Non
241 2047 419 2112 procul
442 2045 562 2096 hine
589 2063 712 2112 ergo
739 2044 977 2098 defidens
1005 2046 1316 2114 aliquandiu

92 2127 371 2196 Postquam
396 2127 713 2196 expe6tavit,
747 2128 992 2180 humidus
1017 2127 1055 2178 fi
1076 2127 1181 2180 fors
1209 2148 1367 2199 vapor
1424 2135 1425 2138 ’

96 2209 525 2273 Consumeretur,
568 2214 797 2280 denique
824 2215 1100 2281 impatiens
1126 2231 1286 2265 morae

97 2296 424 2364 Timensque
441 2334 453 2355 ‚
493 2314 558 2346 ne
584 2295 678 2346 fibi
703 2299 869 2348 multa
894 2315 997 2348 nox
1022 2299 1350 2349 incumberet

97 2380 388 2439 Redeunti,
425 2377 655 2430 abscessit
681 2380 835 2446 ignea
866 2379 1107 2430 incensus
1133 2378 1233 2430 fiti.

173 2463 323 2519 Vana
351 2462 428 2514 est*
452 2461 688 2515 docilitas
706 2501 721 2525 ,
759 2480 877 2531 quae
901 2472 1043 2515 caret
1068 2464 1332 2533 sapientia.

142 2628 164 2664 8
186 2621 376 2664 Catullus,
402 2623 522 2658 earm.
542 2621 595 2657 62.
619 2622 668 2656 V.
693 2629 747 2666 35.

392 2664 524 2712 ltaque
548 2674 591 2701 ut
612 2664 766 2701 domum
788 2665 959 2710 cybebes
978 2665 1140 2711 tetigere
1160 2665 1315 2703 laffulae,
