2051 3292
355 187 360 192 ’
435 218 543 272 544
878 191 1566 247 SENTENTJAE.

435 308 1311 392 &Q
1471 352 1495 359 ,

434 527 571 585 Rarb
601 527 823 581 facilitas
856 522 1139 591 grandibus
1167 523 1386 590 inceptis
1414 523 1571 577 adest.
1609 540 1657 592 p.
1675 541 1800 595 411.

437 646 575 704 Rari)
606 647 660 698 in
689 642 892 712 periclis
918 640 1110 708 impius
1143 639 1341 690 constat
1371 637 1477 693 fibi.
1513 657 1561 709 p.
1594 652 1714 704 118.

437 742 590 816 Ratio¹
623 758 846 810 nocendi
874 756 1100 825 suppetit
1130 754 1325 822 semper
1357 755 1525 807 malis,
1563 772 1611 824 p.
1632 767 1753 824 388.

437 879 603 944 Regia
634 873 855 943 potestas
889 872 952 923 ab
984 871 1170 923 humili
1198 869 1236 922 fi
1268 888 1427 938 quem
1457 872 1571 922 loco

439 960 673 1019 Extulit,
692 958 909 1010 adorant
926 993 940 1017 ,
959 956 1048 1024 qui
1064 955 1206 1006 hunc
1220 953 1365 1024 prius
1383 953 1811 1025 contempserant.
1825 971 1872 1024 p.
1889 965 2014 1026 378.

440 1078 573 1131 Rem
599 1076 734 1127 bene
763 1072 978 1142 gerendi
1008 1073 1248 1140 quisquis
1280 1073 1460 1124 horam
1490 1080 1731 1140 prorogat
1750 1110 1764 1133 ,

441 1164 603 1217 Bonis
621 1197 634 1223 ,
679 1159 868 1229 quibus
898 1165 1018 1226 eget
1049 1155 1271 1210 maxime
1289 1195 1303 1218 ‚
1330 1153 1516 1208 merite
1544 1166 1699 1209 caret.
1740 1174 1788 1225 p.
1808 1174 1930 1225 310.

445 1279 580 1332 Rem
611 1293 790 1346 gerere
820 1274 924 1342 ipse
955 1274 1152 1342 potes?
1190 1274 1317 1326 alios
1347 1290 1415 1324 ne
1446 1271 1816 1341 expettaveriS.
1863 1288 1910 1341 Ρ.
1930 1281 2017 1341 85.

445 1397 551 1450 Res
581 1392 836 1460 dignitate
864 1392 1181 1459 praevalent,
1218 1406 1326 1442 non
1355 1388 1520 1458 copizi.
1560 1405 1608 1457 p.
1626 1407 1713 1458 99.

446 1514 734 1570 Reverere,
774 1507 912 1559 celse.
941 1508 1199 1574 dignitate
1230 1508 1321 1574 qui
1349 1507 1614 1558 eminent:

447 1598 666 1650 Tenues
698 1594 851 1646 ruina
883 1594 1185 1646 Potentium
1214 1592 1346 1661 saepe
1377 1593 1690 1660 opprimunt.
1728 1607 1777 1660 Ρ.
1790 1601 1913 1662 489.

454 1828 603 1897 Saepe
633 1827 707 1880 est
724 1823 957 1878 Benefici
985 1840 1188 1876 merces
1201 1738 1274 1875 Sin
1303 1821 1576 1875 beneficiO.
1614 1839 1663 1890 p.
1684 1838 1806 1892 371.

454 1945 604 2013 Saepe
626 1940 801 1995 furiosi
827 1939 946 2007 plus
975 1937 1066 1991 fibi
1084 1978 1098 2002 ,
1138 1936 1294 2009 quum
1321 1941 1465 2001 aliis,
1501 1947 1709 1992 nocent.
1745 1955 1795 2006 Ρ.
1814 1955 1940 2008 241.

458 2062 607 2129 Saepe
636 2056 854 2110 furiosos
885 2056 1122 2123 proprius
1152 2055 1322 2124 perdit
1351 2056 1508 2108 furor.
1544 2071 1593 2123 Ρ.
1613 2070 1737 2123 243.

457 2179 605 2247 Saepe
634 2177 704 2230 ibi
734 2177 975 2242 voluptas
995 2211 1009 2235 ,
1041 2173 1135 2224 ubi
1160 2171 1430 2224 necessitas
1461 2170 1595 2232 fuit,

455 2263 714 2320 Pauiatim
739 2260 802 2310 ab
828 2259 940 2327 ips&
968 2258 1190 2310 nascitur
1222 2255 1567 2308 assuetudine.
1621 2270 1668 2322 p.
1706 2254 1827 2316 186.

460 2377 610 2443 Saepe
639 2372 771 2425 illud
799 2371 1036 2422 homines
1054 2408 1069 2432 ,
1109 2366 1462 2420 sufferendum
1495 2366 1633 2434 quod
1662 2367 1808 2417 venit
1825 2403 1840 2427 ,

460 2461 702 2516 Minuere
727 2453 880 2508 stulte
907 2455 1035 2504 dum
1061 2454 1244 2505 volunt
1262 2489 1277 2513 ,
1308 2457 1507 2516 augent
1534 2448 1750 2498 malum.
1787 2464 1836 2515 p.
1856 2465 1983 2516 1290

463 2579 611 2643 Saepe
633 2573 783 2642 juvat
814 2569 895 2630 id,
926 2568 1065 2636 quod
1090 2568 1520 2637 impedimentum
1546 2571 1715 2632 putes,
1753 2580 1800 2631 p.
1823 2579 1951 2631 301,

465 2690 666 2760 Saepius
694 2688 785 2740 ubi
814 2686 988 2738 omnia
1013 2692 1130 2736 tuta
1155 2683 1301 2744 sunt,
1339 2681 1575 2732 homines
1606 2680 1826 2738 tirnent;

465 2771 539 2824 Et
565 2771 615 2822 se
630 2809 645 2833 ,
671 2769 765 2821 ubi
794 2765 1030 2819 timenda
1058 2763 1176 2815 sunt
1208 2764 1379 2814 omnia
1397 2802 1411 2825 ‚
1440 2771 1582 2814 tutos
1607 2769 1814 2828 putant.
1844 2775 1891 2826 p.
1910 2773 2031 2825 392.

469 2885 642 2939 Satius
657 2886 880 2942 amicum
894 2881 1082 2934 habere
1099 2879 1307 2931 nullum
1324 2916 1337 2941 ,
1368 2875 1527 2949 quum
1542 2880 1727 2930 levem.
1778 2891 1826 2943 p.
1843 2883 1964 2942 387.
