2051 3292
445 229 553 288 330
712 217 936 272 FAB.
1011 216 1714 272 AESOPJARUM

517 483 659 536 Dum
680 500 882 552 pompae
911 481 1082 533 inanis
1110 478 1298 534 artifex
1322 482 1594 534 extollitur
1610 518 1625 542 ,

444 571 474 632 J
479 579 596 624 acet
619 571 849 624 miserias
872 572 1011 624 inter
1042 569 1192 622 utilis
1218 568 1381 623 faber.

847 772 897 835 F
928 767 990 835 A
1019 771 1074 833 Β
1105 770 1163 832 U
1192 771 1244 832 L
1276 767 1340 831 A
1458 772 1516 834 X
1547 773 1620 836 V.

959 937 1183 1017 Aquila
1211 932 1283 1000 Εἴ
1313 934 1508 998 Grais.

443 1071 506 1157 P
524 1120 558 1152 E
575 1120 614 1153 R
639 1100 849 1153 altiores
880 1098 1090 1149 aetheris
1118 1098 1309 1166 liquidi
1336 1098 1514 1168 plagas

440 1186 669 1243 Volabat
692 1185 889 1253 Aquila
918 1201 1041 1234 cum
1067 1180 1243 1234 Grue:
1282 1183 1488 1234 acribus
1517 1181 1639 1234 hinc
1665 1182 1887 1238 humum

443 1275 590 1327 Dum
617 1270 803 1322 lustrat
828 1269 996 1321 oculis
1016 1305 1028 1327 ‚
1070 1266 1348 1319 candidam
1375 1267 1572 1335 pellem
1600 1269 1816 1336 aspicit,

440 1358 563 1413 Tali
591 1355 813 1408 artificio
849 1364 869 1394 0
908 1352 1149 1423 positam,
1188 1359 1249 1404 ut
1279 1352 1608 1411 intuentibus

440 1440 683 1496 Referret
711 1439 833 1506 agni
858 1455 1071 1507 corpm,
1111 1436 1167 1490 δε
1197 1444 1351 1506 caput
1368 1474 1382 1498 ,
1421 1435 1478 1487 &
1502 1437 1692 1504 pedesg,

442 1525 702 1593 Laetaque
731 1524 920 1575 sociam
947 1541 1074 1576 voce
1104 1522 1459 1591 compellans:
1490 1521 1667 1575 Viden

439 1612 627 1671 Hunc,
667 1610 870 1678 inquit,
909 1624 1108 1675 agnum
1146 1608 1201 1657 in
1226 1606 1355 1657 colle
1390 1606 1735 1675 pascentem?
1775 1604 1930 1661 Gruis

437 1694 764 1764 Respondet:
804 1692 998 1745 Oculos
1030 1693 1084 1742 ni
1112 1692 1215 1743 tuis
1242 1689 1462 1741 habeam
1490 1706 1665 1757 pares,

440 1779 670 1833 Cernere
695 1786 957 1830 remotum
982 1775 1189 1845 longius
1213 1777 1339 1827 mihi
1364 1793 1470 1827 non
1501 1776 1654 1827 lieet:

437 1862 502 1915 In
530 1860 628 1914 hac
653 1867 831 1911 tamen
855 1860 1070 1926 regione
1099 1859 1206 1910 vidi
1233 1857 1416 1926 saepi-us
1434 1895 1447 1917 ‚

438 1945 644 2011 Magnis
669 1942 969 1995 volucribus
995 1941 1204 1994 infidias
1234 1939 1360 1999 curn
1381 1942 1661 1995 tenderent

437 2033 734 2100 Agricolae3
774 2028 832 2082 &
859 2030 996 2083 istud
1015 2067 1028 2090 ‚
1069 2029 1208 2097 quod
1235 2029 1330 2080 tibi
1358 2029 1430 2080 est
1458 2030 1648 2096 praedae
1674 2030 1816 2092 locu,

434 2116 760 2175 Subvereor,
798 2130 864 2164 ne
893 2111 999 2163 fors
1024 2112 1239 2178 obtegat
1268 2110 1493 2179 aliquem
1523 2112 1715 2164 dolum.

435 2204 621 2270 Itaque
649 2215 834 2251 cavere
860 2205 1063 2266 oportet
1089 2237 1100 2249 .
1128 2238 1141 2249 .
1169 2236 1181 2248 .
1223 2195 1411 2248 Odiosa
1439 2213 1497 2248 es
1514 2234 1532 2256 ‚‚
1566 2206 1700 2249 tace.

434 2285 570 2338 Tam
598 2280 738 2334 certo
764 2281 904 2331 hunc
929 2295 1125 2345 agnum
1144 2316 1157 2339 ‚
1197 2276 1358 2346 quam
1386 2278 1487 2330 esse
1516 2289 1568 2332 te
1599 2278 1822 2345 Gruem,
1848 2280 1969 2336 scio,

435 2367 519 2421 Sic
545 2366 652 2419 fata
670 2403 684 2425 ‚
721 2381 864 2415 more
894 2363 1134 2415 fulminis
1162 2362 1451 2422 delabitur,

431 2452 776 2519 Praedamque
802 2451 1012 2502 inanem
1039 2449 1238 2501 viribus
1265 2448 1390 2500 totis
1413 2447 1571 2514 petit:

429 2540 507 2591 At
532 2537 623 2588 sub
652 2534 824 2587 dolosa
852 2535 989 2603 pelle
1015 2535 1186 2601 cuspis
1214 2549 1336 2601 quae
1363 2533 1493 2583 latet

430 2622 735 2683 Mortifera,
772 2618 956 2689 pestus
988 2619 1235 2669 irruentis
1269 2616 1473 2684 trajicit.

473 2792 495 2832 9
518 2782 629 2820 Pellis
664 2782 791 2820 villosa
827 2778 970 2814 baculis
999 2778 1141 2829 aliquot
1167 2777 1336 2828 oblongis
1363 2779 1413 2811 ita
1447 2776 1672 2814 sustinetur,
1708 2783 1750 2812 ut
1779 2776 1819 2812 in
1852 2783 1996 2825 partem

558 2829 643 2876 ejus
665 2825 960 2865 eminentiorem
983 2821 1192 2869 subrigatur
1215 2822 1335 2867 cusprs
1356 2822 1461 2856 firma
1488 2822 1522 2857 ὅ(
1545 2820 1680 2858 latens.
2046 2825 2048 2872 j

2044 2874 2051 2999 μ

2050 2938 2051 2958 l

2043 3002 2051 3080 f

2041 3086 2051 3292 ι
