2051 3292
228 183 405 237 [ΑΒ.
445 177 758 236 DECJM
778 174 890 229 US
935 172 980 242 Q
1005 171 1176 225 [ΠΝ
1195 168 1382 222 Tus.

373 434 421 497 F
445 430 508 496 A
537 433 592 494 B
624 431 682 494 U
710 431 760 492 L
789 426 851 490 A
946 428 1005 491 X
1037 427 1095 490 X
1128 424 1182 488 V
1215 423 1260 485 Ι.

514 585 712 663 Agaso
741 579 809 646 ἔθ’
836 583 1062 668 Astnus.
1109 575 1131 612 ⁶

43 691 119 780 Ν
133 750 167 783 o
187 749 226 781 N
253 745 339 780 me
362 726 587 796 sequeris
612 725 796 776 herum
821 733 977 775 tuum
995 760 1009 783 ,
1047 719 1184 772 mala
1210 712 1412 769 bestia?

43 812 181 865 Nam
207 811 360 879 quid,
400 825 646 878 pavorem
674 806 817 875 quod
846 805 941 857 tibi
968 812 1177 855 tantum
1201 809 1361 870 queat

40 896 288 965 Injicere,
327 894 676 947 transeundus
704 891 797 944 iste
824 908 951 959 pons
982 888 1178 940 habet?

46 982 345 1050 Obsequere
376 977 496 1031 verb
513 1016 527 1040 ,
564 977 740 1028 barde.
781 975 864 1029 Sic:
887 973 1110 1026 Asinum
1134 974 1404 1040 increpans

44 1064 214 1131 Agaso
240 1063 331 1115 sua
355 1063 463 1132 post
492 1060 754 1113 attrahere
780 1057 993 1124 vestigia

43 1147 338 1207 Tentabat3
376 1141 714 1214 apprehensos
743 1140 799 1193 &
828 1141 1002 1192 valida
1029 1157 1187 1191 manu

44 1232 234 1284 Frenos
258 1231 526 1289 movebat,
566 1227 835 1280 intonabat
865 1225 920 1278 &
944 1226 1109 1276 minas
1129 1263 1142 1286 ‚

48 1313 285 1367 Frustra:
324 1320 583 1382 repugnat
608 1310 723 1371 ilie,
763 1308 820 1361 δε
852 1325 1002 1360 aures
1026 1308 1267 1375 subrigit,

50 1401 153 1461 Et,
193 1402 244 1451 vi
274 1400 502 1451 molestae
530 1397 842 1457 obnoxium,
882 1393 1082 1464 quassat
1107 1403 1293 1464 caput,

46 1484 117 1537 Et
143 1484 352 1535 naribus
381 1482 528 1535 efflat
552 1491 916 1534 contumacem
942 1481 1209 1550 spiritum3

51 1567 379 1634 pontemque
406 1568 628 1634 primore
657 1567 832 1633 attigit
855 1566 940 1617 vix
966 1564 1165 1632 ungula
1183 1602 1194 1617 .

47 1649 326 1717 Simulque
352 1649 579 1716 refugit,
617 1649 907 1716 herumque
939 1650 1079 1714 cogit
1106 1647 1344 1715 subsequi

47 1734 218 1790 Multa
241 1733 600 1785 minitantem:
639 1733 730 1800 qui
754 1743 928 1783 tamen
946 1771 959 1792 ,
997 1733 1205 1785 fervens
1233 1732 1326 1784 ubi

48 1815 176 1870 Bilis
203 1815 420 1877 resedit,
460 1817 692 1883 cogitare
720 1814 977 1867 attentius

49 1902 280 1969 Incepit,
318 1901 496 1968 aliqua
530 1900 869 1969 perveniendi
896 1900 960 1950 ad
988 1899 1188 1951 exitum

53 1984 109 2037 Si
145 2001 252 2052 qua
282 1983 591 2054 supperefl'et
629 1984 789 2035 ratio:
827 1981 1187 2034 adextremum
1215 1983 1384 2052 placet

52 2065 283 2118 Tentare
301 2103 314 2126 ,
354 2068 601 2133 quoniam
626 2063 729 2118 huc
754 2082 923 2133 usque
950 2065 999 2115 se
1028 2064 1298 2115 conatibus

54 2151 220 2203 Pecus
244 2150 470 2224 maligna
498 2151 746 2203 herilibus
770 2152 1078 2201 contrariam

56 2234 300 2288 Praestitit
317 2273 331 2296 ,
357 2235 465 2296 an,
505 2235 607 2304 ipse
636 2236 825 2304 agendi
848 2243 1020 2286 mutet
1043 2232 1081 2285 fi
1107 2232 1323 2285 modum
1340 2270 1355 2294 ,

53 2317 385 2387 Simuietque
409 2318 518 2370 sese
545 2317 711 2380 velle,
750 2318 891 2386 quod
919 2313 1131 2368 minime
1162 2316 1322 2377 velit,

55 2401 252 2468 Pugnae
277 2401 424 2454 futur
434 2418 492 2452 us
516 2401 714 2470 semper
738 2399 878 2451 idem
902 2397 964 2449 fit
988 2406 1154 2450 tenor.

57 2485 382 2555 Quapropter
406 2482 437 2536 *a
463 2494 610 2552 tergo
636 2492 854 2552 occupat
878 2497 1020 2533 nunc
1041 2482 1148 2549 jam
1173 2479 1322 2532 suum

58 2574 358 2634 Rebellem,
398 2574 453 2628 &
480 2573 700 2625 caudam
727 2589 824 2624 nec
842 2571 1140 2640 -opinantis
1167 2571 1370 2639 arripit,

59 2659 385 2727 Stringitque
402 2696 416 2719 ,
454 2658 770 2728 summisque
797 2657 956 2710 trahit
983 2655 1049 2706 ad
1075 2654 1127 2707 se
1158 2654 1375 2707 viribus,

149 2803 170 2839 6
196 2802 354 2841 Rieher.
379 2802 421 2840 L.
445 2800 646 2848 11.Fab.3.

1314 2838 1480 2908 Kk5

1491 173 1597 232 505
