2051 3292
91 446 259 515 Opem
288 446 317 500 a
344 448 495 500 beato
524 455 813 517 promptam
840 464 906 497 ne
937 445 1179 513 expectet
1202 449 1353 502 miser
1376 469 1390 504 :

17 534 176 604 Copia
195 536 409 604 juvandi
438 533 541 604 quo
568 534 632 586 fit
659 535 848 602 major,
888 532 986 586 hoc
1013 538 1180 604 magis

17 619 292 689 Languere
319 623 586 675 charitatis
613 621 848 675 officium
876 623 1018 676 solet.

381 822 874 889 FABULA
987 828 1216 895 XIX.

531 978 588 1038 T
581 998 764 1039 auarus
789 975 860 1041 Εἴ
887 978 1075 1042 Canis.

18 1090 142 1176 TA
160 1140 199 1175 U
216 1141 255 1174 R
271 1139 309 1173 u
326 1142 374 1174 M
408 1124 549 1174 inter
577 1119 634 1173 &
662 1122 858 1174 Canem
886 1134 998 1177 orta
1023 1143 1212 1197 magna
1231 1132 1295 1184 lis
1323 1145 1463 1201 erat,

14 1207 349 1261 Internecino
386 1215 406 1242 2
440 1216 504 1257 ut
527 1223 639 1256 rem
661 1206 802 1257 finiri
823 1208 1002 1275 praelio

18 1292 241 1350 Necesse
263 1292 440 1343 fuerit.
481 1291 695 1343 Taurus
719 1292 933 1360 indigne
962 1294 1163 1358 ferenS,

16 1377 171 1441 Quod
189 1415 203 1438 ‚
240 1373 387 1428 tanto
414 1376 627 1428 inferior
649 1373 771 1427 cum
794 1375 856 1427 fit
874 1415 888 1439 ,
921 1377 1078 1429 hostis
1107 1379 1299 1434 audeat

21 1461 278 1517 Obsistere
302 1458 424 1520 fibi,
462 1459 520 1512 &
548 1463 717 1512 aleam
743 1462 1042 1513 certaminis

18 1549 280 1606 Tentare,
320 1545 374 1595 in
400 1544 566 1614 ipsum
591 1545 758 1613 capite
786 1544 999 1598 demisso
1022 1547 1157 1608 ruit,

19 1633 308 1701 Creditque
336 1630 531 1684 adaffis
549 1631 657 1699 jam
681 1631 967 1685 confossum
991 1635 1267 1690 cornibus:

21 1720 234 1773 Caecum
255 1725 309 1769 at
330 1717 563 1769 furorem
594 1715 784 1768 effudit
809 1717 863 1767 in
892 1735 1112 1770 vacuum
1138 1725 1271 1775 ae'ra.

27 1801 272 1868 Namque
310 1798 465 1851 Canis
491 1799 782 1852 observarat
807 1801 962 1870 hujus
994 1804 1250 1873 impetum
1266 1844 1283 1870 ‚

20 1883 251 1950 Levique
279 1881 410 1935 saltu
433 1881 584 1935 facile
611 1883 978 1939 declinaverat.

26 1968 264 2024 Ferocior
287 1967 423 2018 redit
448 1966 568 2019 ille:
607 1983 705 2020 nec
731 1968 930 2037 refugit
952 1968 1138 2035 Canis3

27 2054 122 2109 Ast
147 2051 237 2103 ubi
261 2051 605 2119 propinquare
632 2051 777 2103 videt
800 2053 1153 2107 adversarium

25 2137 75 2191 T
79 2137 330 2188 ollentem
365 2139 385 2174 3
421 2142 622 2185 atroces
654 2133 859 2203 hispido
888 2140 1048 2189 vultu
1072 2140 1268 2205 minaS,

29 2223 271 2279 Occurrit
297 2220 496 2279 audax,
535 2215 590 2268 &
619 2217 936 2285 inopinantis
963 2220 1118 2273 simul

31 2311 236 2365 Saliens
262 2303 328 2354 ad
354 2304 567 2363 fauceS,
598 2318 686 2351 ore
711 2301 923 2355 diducto
951 2316 1171 2374 occupat
1188 2346 1202 2368 ‚

30 2393 338 2458 Mordetque
355 2425 369 2448 ,
405 2387 824 2455 praestringitque
849 2386 1060 2440 summis
1086 2391 1311 2446 viribus:

30 2478 101 2530 Et
128 2476 217 2527 ine
242 2469 424 2523 misera
447 2470 672 2538 percitus
698 2468 840 2520 rabie
864 2468 984 2521 licet

34 2562 292 2618 Excutere
318 2565 520 2624 quaerat
541 2553 737 2623 pestem
761 2553 1250 2621 importunissimam
1264 2594 1280 2620 ,

84 2726 106 2753 2
128 2715 295 2761 Plinius,
319 2711 406 2746 Hist.
432 2711 519 2752 με.
555 2712 660 2755 (3.24,
689 2710 734 2746 de
761 2709 908 2756 aspide:
936 2712 1222 2748 Internecinurn
1256 2712 1402 2750 bellum
1440 2717 1607 2761 (habet)

169 2768 255 2791 cum
276 2755 538 2789 zclzneumone.

88 2823 108 2859 [3
131 2814 291 2853 Consule
313 2820 441 2848 annot.
468 2813 513 2847 ad
538 2814 578 2849 L.
592 2823 625 2858 9,
650 2813 734 2849 Fab.
752 2822 804 2857 30.

1381 2875 1463 2928 Cc
