2051 3292
545 178 1226 237 SENTENTIAE.
1561 185 1669 248 5⁵37

100 498 348 566 Magnam
374 517 439 551 ex
471 499 761 569 longinquo
788 505 879 572 qui
901 504 1252 556 reverentiam
1276 503 1410 574 parit
1426 540 1442 564 ‚

100 583 156 637 Si
181 580 391 652 propius
419 584 610 646 adstet,
648 584 781 654 saepe
807 590 906 639 erit
935 589 1273 657 contemptui.
1311 605 1360 656 p.
1391 597 1478 655 84.

101 674 385 740 Magnifica
407 677 567 728 verba
592 693 758 728 vanus
789 678 1017 731 effundit
1043 681 1218 731 dolor:

100 760 330 813 Praesens
360 763 616 830 periclum
642 780 788 814 veras
818 781 968 816 voces
997 766 1255 834 exprimit.
1291 781 1339 832 Ρ.
1363 778 1451 832 53.

102 873 299 940 Majora
324 872 518 923 viribus
551 873 766 939 aggi-edi
793 874 922 924 ratio
950 884 1124 927 vetat:

102 957 208 1011 Sed
236 955 367 1006 ratio
394 955 449 1008 δε
476 956 552 1007 ira
577 955 700 1022 quid
728 956 784 1005 in
809 972 1085 1008 commune
1113 956 1437 1010 consulunt?
1473 974 1521 1026 Ρ.
1537 972 1627 1024 94.

102 1067 242 1120 Male
256 1081 410 1132 agere
426 1065 659 1131 quivult,
674 1080 936 1132 nusquam
950 1082 1055 1116 non
1070 1067 1271 1119 causam
1282 1069 1504 1120 invenit.
1518 1082 1677 1137 p.151

104 1169 335 1227 Malefici
359 1168 555 1237 semper
580 1168 755 1236 aliqua
779 1168 827 1219 se
851 1168 1079 1236 produnt
1105 1171 1202 1221 via.
1241 1187 1289 1238 p.
1304 1188 1425 1222 202.

105 1269 244 1321 Male
269 1266 523 1335 praevidei:
547 1267 663 1326 ille,
707 1268 798 1334 qui
825 1265 915 1318 fibi
938 1284 1043 1318 non
1071 1270 1326 1336 providet.
1366 1288 1414 1339 p.
1435 1279 1537 1338 193

104 1374 246 1427 Male
271 1372 558 1433 socientur,
597 1387 715 1440 quae
741 1371 930 1423 natura
955 1371 1256 1440 discrepant.
1294 1390 1343 1442 p.
1365 1389 1490 1440 130.

104 1477 233 1530 Mali
255 1475 461 1526 medela
486 1492 624 1526 mors
654 1478 828 1537 venit,
867 1478 1081 1544 gravius
1107 1478 1321 1531 malurn.
1359 1492 1408 1543 Ρ.
1425 1493 1511 1545 40.

104 1593 234 1648 Mali
257 1591 560 1659 requirunt,
599 1608 808 1660 carpere
833 1610 952 1661 quae
978 1591 1189 1663 posfint,
1224 1593 1389 1644 mala:

105 1677 345 1734 Laudare
368 1673 552 1742 possint:
580 1693 695 1744 quae
724 1677 886 1738 bona,
925 1678 1203 1745 requirunt
1230 1677 1366 1727 boni.
1406 1693 1454 1744 p.
1476 1691 1596 1744 179.

107 1791 312 1847 Malitia
338 1789 473 1858 saepe
508 1793 754 1844 comitem
778 1793 935 1845 habet
964 1793 1310 1863 prudentiam,
1350 1808 1399 1860 p.
1426 1808 1514 1860 44.

105 1897 273 1950 Malos
301 1895 340 1946 fi
367 1898 598 1948 occultat
622 1897 845 1967 specieS,
884 1915 1039 1968 opera
1063 1900 1333 1967 detegunt.
1371 1914 1420 1965 Ρ.
1438 1914 1527 1965 29.

107 2002 307 2056 Malum
329 2001 450 2068 jure
473 2001 610 2052 feres
627 2040 641 2063 ,
680 2005 821 2070 quod
843 2005 1042 2071 parabis
1068 2005 1238 2058 alteri.
1276 2018 1324 2070 Ρ.
1344 2010 1430 2062 81.

107 2109 311 2162 Malum
342 2104 433 2155 fibi
457 2104 629 2167 fovet,
662 2108 903 2175 quisquis
931 2110 1127 2160 educat
1151 2105 1335 2157 malos.
1374 2122 1425 2173 Ρ.
1444 2118 1566 2171 134.

108 2206 283 2261 Malus
296 2203 497 2256 Austor
512 2205 652 2256 fetus
667 2223 945 2275 nunquam
958 2207 1089 2258 bene
1103 2206 1250 2256 novit
1265 2204 1399 2257 suos,
1424 2218 1473 2270 Ρ.
1488 2211 1555 2263 28
1565 2216 1612 2254 Ι.

110 2323 383 2374 Materiam
406 2321 595 2372 habere
624 2321 896 2383 idoneam,
931 2339 1116 2393 parum
1140 2323 1240 2384 est,
1275 2320 1371 2373 nisi

110 2408 260 2462 Hanc
281 2405 464 2459 dofftus
494 2408 723 2476 expolire
751 2408 892 2460 nen-it
915 2408 1117 2459 artifex.
1157 2423 1205 2475 p.
1225 2422 1343 2476 173.

109 2513 329 2566 Meliora
356 2511 484 2561 dum
511 2512 588 2562 vis
603 2550 618 2574 ,
657 2529 725 2562 ne
756 2512 890 2564 bona
918 2513 1155 2582 amittaS‚
1194 2524 1335 2560 cave.
1376 2517 1563 2576 p.282.

108 2629 325 2682 Meliora
350 2627 594 2695 plerique
619 2628 858 2681 homines
887 2630 1015 2680 dum
1041 2628 1177 2680 bona
1206 2633 1487 2695 appetunt,

108 2713 398 2777 Nunquam
424 2710 734 2773 obtinenda,
771 2713 991 2780 praesens
1016 2712 1268 2763 amittunt
1295 2708 1508 2758 bonum.

109 2798 354 2861 Meliora,
385 2797 514 2850 dum
539 2808 888 2868 appetuntur,
925 2799 1166 2854 officiunt
1193 2793 1384 2919 bonisM
1398 2809 1446 2860 p.
1466 2809 1584 2862 124.

1399 2882 1452 2915 m
1488 2881 1522 2933 5
