2051 3292
67 505 143 560 Ut
165 508 376 560 nullum
402 507 543 560 aliud
567 506 774 558 sensura
798 504 863 556 fis
887 504 1094 573 posthac
1119 508 1346 559 malum:

64 591 285 659 Jamque
306 598 451 659 parat
474 588 667 643 istum:
706 598 760 640 at
785 592 948 642 altera
974 590 1186 642 interim
1204 589 1356 643 silens

62 676 260 728 Furtim
288 677 688 745 appropinquat,
726 673 784 726 &
807 676 1071 727 inimicam
1092 676 1298 729 fortiter

60 757 172 811 Nec
188 790 211 797 -
228 758 382 826 opino
407 758 517 810 sese
541 764 562 800 3
584 759 798 810 mittens
823 758 879 808 in
903 767 1078 810 cutem
1100 759 1300 827 impetu
1315 796 1332 822 ,

61 845 205 901 Dirae
233 846 446 897 ultionis
472 846 722 913 imprimit
749 863 1033 897 memorem
1056 857 1251 904 notam.

133 925 213 980 Εὸ
242 929 317 982 est
341 929 612 981 nocentior
640 930 738 991 ira,
768 926 873 998 quo
902 930 975 985 est
1002 932 1269 985 occultior.

373 1110 862 1177 FABULA
984 1114 1302 1181 XVIII.

491 1264 767 1343 Agricola
798 1260 869 1327 Εἴ
896 1262 1174 1329 Perticae.

59 1378 138 1467 A
156 1425 193 1463 G
208 1427 247 1462 R
265 1427 288 1461 1
306 1427 335 1463 c
352 1426 387 1462 o
404 1425 438 1459 L
455 1425 497 1459 A
518 1404 697 1458 filvam
722 1404 980 1472 ingrefl'us
992 1443 1007 1468 ‚
1046 1413 1106 1459 ut
1125 1408 1479 1478 perquireret,

58 1497 115 1550 Si
140 1511 298 1563 quam
322 1492 582 1545 inveniret
606 1490 906 1559 perticalern
943 1498 964 1533 4
995 1490 1326 1552 arbusculam

60 1579 382 1646 Re&amque
404 1592 771 1646 proceramque
788 1613 803 1637 ,
841 1574 1104 1644 conspexit
1131 1577 1305 1631 statim

58 1663 234 1717 Unam
255 1662 392 1711 inter
418 1660 570 1720 aliaS,
609 1659 818 1727 qualern
849 1657 1037 1710 succidi
1060 1658 1117 1711 &
1141 1661 1256 1730 capi

58 1748 169 1816 Ipse
198 1743 475 1813 expetebat
500 1742 651 1795 usus:
690 1741 747 1794 &
769 1743 983 1797 minime
1003 1745 1217 1812 quidem

58 1832 210 1887 Hanc
236 1828 544 1898 improbavit
575 1828 695 1891 ille;
734 1827 820 1878 sed
847 1829 1002 1880 aliam
1025 1839 1206 1883 tamen

59 1912 296 1983 Speravit
318 1911 546 1978 aliquam
577 1909 628 1961 se
651 1919 979 1979 reperturum
998 1911 1110 1963 fore

57 1993 501 2051 Praestantiorem:
537 1992 707 2061 coepit
732 2009 857 2059 ergo
884 1994 1157 2062 progredi,

61 2079 248 2133 Aciem
273 2077 542 2127 oculorum
569 2074 745 2128 sedulo
775 2077 1173 2130 circumferens:

61 2162 166 2218 Sed
200 2158 388 2212 cuncta
408 2158 644 2219 sordent,
684 2161 916 2211 animum
938 2160 976 2212 fi
1001 2163 1263 2214 reflexerit·

62 2245 150 2299 Ad
175 2241 306 2294 illud
337 2240 505 2310 ipsum
528 2241 668 2307 quod
689 2242 923 2308 neglexit
948 2245 1150 2295 tollere.

61 2327 272 2383 Interea
298 2327 462 2394 magis
487 2334 644 2393 atque
669 2328 836 2393 magis
865 2327 920 2378 in
943 2326 1083 2381 filvae
1110 2331 1322 2382 intimos

62 2414 315 2467 Penetrat
341 2408 594 2473 recessus;
634 2410 689 2464 &
715 2413 913 2464 viarum
944 2413 1247 2482 ambagibus

63 2497 311 2557 Fallitur3
348 2495 552 2562 iterque
575 2495 689 2546 vult
711 2496 947 2562 relegere
965 2534 979 2557 ,
1019 2513 1116 2549 nec
1141 2498 1310 2567 potest

62 2579 403 2647 Multumque
430 2576 488 2630 &
513 2577 698 2632 frustra
722 2578 774 2631 se
801 2579 1083 2647 fatigatum
1110 2583 1303 2650 gemit:

113 2743 136 2778 3
158 2732 310 2784 Cicerq⁷
346 2733 445 2782 Orat.
468 2742 533 2776 pro
556 2732 777 2783 Milone-C.
792 2741 846 2775 28.
884 2736 984 2770 Vota
1008 2737 1112 2783 mim
1134 2736 1350 2779 flueretis,
1375 2738 1421 2771 ut
1440 2737 1485 2771 in
1507 2745 1573 2771 eos
1593 2735 1633 2773 se

196 2780 334 2818 ponus
355 2782 524 2810 mitteret
540 2800 549 2814 ,
574 2777 696 2818 queam
719 2788 762 2810 m
784 2777 935 2823 vestras
956 2779 1202 2825 poſjeffiones.

111 2844 135 2878 4
156 2831 387 2880 Columella3
414 2833 455 2868 L.
470 2843 502 2875 4.
526 2835 565 2870 C.
580 2841 633 2874 31.
670 2833 860 2869 Perticalis
874 2833 1093 2880 feresalix
1116 2832 1294 2869 eumdem
1316 2840 1489 2873 agrum,
1520 2839 1636 2876 quem

195 2875 412 2910 vimz'nozlzs
426 2900 435 2914 2
462 2875 663 2922 desiderat,

1316 2934 1406 2987 Ee
1458 2952 1493 2990 2
