2051 3292
404 233 514 300 416
699 232 925 286 FAB.
993 234 1687 294 AESOPIARUM

406 492 674 560 Suamque
696 494 868 544 lanam
891 492 1126 543 amiserat
1151 491 1430 561 planissime
1454 505 1490 545 4.

398 576 557 630 Nunc
581 583 726 643 prata
760 577 938 626 mollia
962 584 1123 641 atque
1153 584 1442 638 vernantes
1456 593 1634 644 agros,

399 659 558 714 Nuda
586 659 830 726 quidem,
870 666 924 708 at
950 659 1218 725 expedita,
1258 661 1382 709 dum
1408 664 1765 728 perambulat,

403 743 521 796 Sese
554 744 684 809 ipsa,
725 740 955 802 dotum,
992 744 1169 808 arguit
1193 744 1588 810 imprudentiae,

404 825 561 888 Quod
585 826 915 892 impatienter
940 826 1151 875 dentem
1178 835 1395 878 acutum
1433 829 1625 882 forficis
1641 871 1657 894 ,

400 909 534 963 Cum
561 909 894 967 tonderetur,
933 909 1145 961 tulerit-z
1183 925 1305 959 nam
1334 919 1502 963 totum
1524 921 1678 965 antea
1727 968 1730 972 ,

399 991 600 1045 Sudore
623 1007 805 1058 corpus
837 988 1138 1044 diffluebat:
1178 991 1233 1044 &
1255 994 1400 1043 loeus

400 1077 558 1136 Erat,
596 1078 693 1137 ait,
738 1078 934 1137 metui,
974 1085 1203 1127 tentaret
1231 1095 1297 1127 ne
1329 1078 1554 1146 denique

398 1162 609 1218 furtiva
633 1161 822 1212 scabies
848 1164 1117 1214 humidam
1141 1164 1296 1214 nimis
1324 1173 1515 1217 cutem.

477 1246 576 1297 Hic
602 1244 731 1313 saepe
754 1245 983 1313 prodest,
1018 1247 1106 1314 qui
1128 1246 1438 1314 supervacua
1466 1247 1668 1317 abripit.

781 1434 830 1497 F
877 1429 940 1494 A
981 1435 1036 1496 B
1087 1436 1143 1498 U
1191 1438 1243 1499 L
1286 1434 1349 1499 A
1443 1440 1503 1501 X
1533 1440 1605 1504 V.

806 1578 1049 1642 Catellns
1077 1576 1147 1643 55*
1175 1581 1469 1665 fisolossus.
1517 1587 1538 1626 5

408 1694 477 1786 C
492 1748 531 1782 A
548 1747 582 1779 T
599 1747 633 1779 E
649 1745 682 1777 L
703 1744 736 1776 L
751 1743 792 1777 U
807 1742 833 1776 s
864 1723 927 1776 ab
952 1722 1075 1774 hera
1093 1761 1106 1783 ,
1145 1723 1305 1775 nobili
1329 1726 1637 1778 muliercula
1652 1763 1668 1787 ,

404 1816 541 1877 Quia
568 1814 675 1865 sese
703 1813 864 1862 amari
891 1809 1168 1869 sentiebat,
1207 1826 1454 1878 arrogans

401 1902 755 1965 petulansque
779 1895 947 1947 faetus
972 1895 1097 1946 inde
1124 1894 1228 1956 est;
1269 1893 1326 1945 &
1351 1897 1556 1963 quoties
1587 1896 1678 1949 fibi

406 1985 635 2050 Quidam
660 1979 932 2041 MolossuS‚
970 1979 1182 2045 ingenio
1209 1979 1350 2029 mitis
1380 1981 1593 2047 quidem
1610 2020 1624 2043 ,

402 2068 506 2122 Sed
531 2082 647 2117 acer
676 2064 877 2123 animO,
926 2069 1329 2130 praepotensque
1366 2062 1595 2125 viribUS,

406 2151 741 2208 Occurreret,
781 2163 906 2197 eum
931 2145 1269 2213 provocabat:
1304 2153 1356 2196 at
1383 2145 1554 2197 statim

403 2234 540 2289 Hinc
568 2233 617 2283 se
644 2231 914 2283 amovebat
941 2231 1056 2289 ille,
1096 2244 1200 2279 non
1224 2230 1443 2296 dignum
1472 2238 1657 2299 putans

405 2317 614 2372 Honore
641 2330 829 2385 pugnae
854 2322 962 2365 tam
995 2310 1239 2381 pusillum
1265 2310 1322 2363 δε
1345 2314 1625 2383 imparem:

404 2401 609 2454 Tamen
638 2400 913 2466 aliquando
940 2395 1146 2466 propius
1179 2397 1457 2450 instantem
1486 2399 1719 2460 videnS‚'

406 2486 477 2539 Et
504 2482 899 2552 persequentem
921 2499 934 2543 3
973 2479 1307 2546 sentiensque
1333 2481 1491 2530 etiam
1514 2480 1637 2531 feris

405 2570 723 2635 'Rabidisque
750 2565 1001 2618 morsibus
1029 2567 1320 2616 enitentem
1345 2566 1564 2627 laedere,

407 2655 655 2724 Concepit
680 2653 783 2703 ‘iras
799 2691 814 2715 ,
853 2651 909 2703 &
935 2650 1200 2719 inopinato
1224 2651 1429 2703 irruens

463 2808 485 2842 4
510 2796 712 2834 Terentius
732 2819 741 2834 ‚
767 2796 910 2831 Phorm.
936 2794 1013 2830 An.
1029 2804 1061 2837 4.
1087 2795 1188 2836 SC.4.
1212 2795 1259 2830 V.
1275 2801 1308 2838 5.

705 2838 760 2874 Ad
784 2840 905 2873 restim
927 2839 1014 2871 mihi
1040 2838 1195 2881 quidem
1218 2847 1275 2873 res
1298 2835 1410 2872 rediit
1441 2836 1658 2882 planissime.

451 2892 473 2930 5
495 2885 550 2921 De
573 2885 725 2926 Launay
741 2906 749 2922 ‚
790 2883 870 2919 Fab.
893 2892 940 2927 ¹3·
962 2882 1019 2918 sed
1044 2881 1166 2918 aliter.
