2051 3292
351 270 460 340 446
639 266 864 319 ΕΑΒ.
928 265 1614 320 AESOPIARUM

741 506 1225 617 FABULA
1343 528 1479 590 XL

695 678 963 739 Himnclo
1010 674 1080 740 &³
1123 679 1271 737 Aves
1312 678 1476 737 alicae.
1511 677 1534 718 ⁹

341 804 418 890 H
434 846 455 878 1
473 845 511 878 R
527 843 567 877 U
583 841 622 874 N
640 842 674 875 D
696 841 730 874 o
748 860 761 882 ‚
799 822 991 872 multas
1020 837 1141 888 quae
1169 823 1409 887 regiones
1433 821 1634 872 viderat

336 911 641 978 Peregrina,
679 920 961 972 moresque
985 905 1295 972 populorum
1328 901 1504 956 sedulo

331 994 553 1050 Notarat
573 1029 586 1053 ,
623 989 1043 1040 animadvertens
1077 992 1361 1041 cannabem
1386 988 1512 1051 seri,

334 1082 419 1135 Sic
443 1081 668 1131 allocuta
694 1075 766 1126 est
792 1074 986 1126 Avium
1014 1075 1446 1127 multitudinem:

332 1165 511 1224 Hane,
550 1177 717 1228 usque
748 1168 966 1210 euntem
995 1157 1052 1209 &
1083 1177 1251 1227 usque
1275 1159 1616 1220 redeuntem,
1641 1155 1774 1209 a'elris

336 1249 433 1302 Per
458 1248 611 1297 inane
628 1280 641 1304 ‚
679 1258 783 1292 non
806 1241 1023 1310 aspicitis
1050 1242 1289 1310 agricolae
1312 1241 1568 1294 manum?

336 1331 487 1392 Quod
515 1328 605 1379 illa
629 1325 800 1376 semen
826 1324 979 1375 hodie
1008 1325 1290 1376 committit
1316 1323 1420 1374 solo
1445 1360 1460 1384 ,

332 1417 398 1470 In
421 1410 768 1462 calamitatem
792 1407 1011 1458 vestram
1037 1407 1090 1458 id
1114 1406 1354 1474 exsurget
1378 1401 1555 1467 brevl;

331 1496 470 1548 Hinc
494 1507 720 1558 namque
748 1487 878 1540 fient
905 1489 1140 1540 exitiales
1166 1491 1449 1550 machinae,

329 1576 535 1638 Quibus
564 1573 834 1624 volantum
862 1568 1013 1627 facile
1041 1589 1169 1638 gens
1194 1571 1343 1639 possit
1368 1572 1510 1640 capi:

330 1663 470 1728 Ergo
504 1658 669 1726 agite,
707 1655 873 1722 glebis
902 1653 1188 1722 antequam
1219 1654 1374 1706 verfis
1401 1654 1596 1706 humus

332 1741 658 1800 Abscondat,
699 1739 792 1790 ista
819 1738 988 1790 rostris
1022 1737 1363 1805 diligentibus

328 1822 584 1891 Surripite
613 1835 802 1886 grana,
827 1817 1038 1887 penituS
1066 1817 1121 1870 δί
1145 1819 1448 1872 consumite.

327 1903 641 1961 Hirundinis
678 1902 875 1954 salubre
912 1901 1182 1954 confilium
1214 1901 1360 1974 sequi

328 1991 529 2046 Turbae
553 1989 696 2040 leves
721 1985 989 2038 recusant:
1028 1987 1082 2036 in
1111 1986 1295 2037 eodem
1323 1986 1438 2037 loco

329 2076 439 2130 Tot
460 2070 764 2138 colligendis
781 2107 795 2130 ‚
822 2069 1146 2138 talibusque,
1187 2070 1422 2137 granulis

327 2157 481 2226 Piget
512 2155 798 2214 immorari,
836 2171 976 2205 nunc
1003 2154 1316 2224 praesertim,
1353 2153 1552 2204 fertiles

329 2243 465 2297 Cum
492 2241 539 2293 se
568 2257 657 2308 per
680 2255 829 2306 agros
857 2247 1054 2291 temere
1082 2238 1484 2290 discurrentibus

330 2326 403 2381 Et
430 2324 600 2375 dulcis
625 2320 682 2373 &
706 2330 890 2389 paratu
913 2320 1080 2373 facilis
1108 2320 1293 2373 offerat

329 2398 490 2468 Copia
516 2397 745 2446 ciborum
761 2432 774 2455 ‚
814 2394 870 2447 &
896 2394 1086 2445 blanda
1110 2395 1385 2465 tempestas
1412 2389 1562 2444 fimul

329 2481 528 2535 Invitet
550 2476 651 2529 huc
678 2478 853 2528 volare
877 2474 978 2543 quo
1004 2477 1106 2528 fert
1128 2480 1384 2547 impetus:

328 2569 552 2622 Tristem
578 2581 700 2631 ergo
715 2600 727 2623 ,
765 2579 954 2630 resque
977 2564 1349 2630 praevidentem
1373 2556 1582 2627 longius

326 2653 521 2711 Vatem
542 2648 879 2716 relinquunt3
918 2645 975 2699 &
999 2649 1179 2716 pericli
1208 2649 1333 2718 quid
1358 2645 1514 2699 vehat
1550 2652 1572 2679 1

372 2821 396 2858 9
416 2811 470 2848 La
491 2807 675 2844 Fontaine
690 2831 700 2846 ‚
741 2806 784 2842 L.
800 2814 831 2840 1.
853 2803 988 2845 Fab.3.
1029 2806 1262 2845 Camerarius
1277 2830 1286 2846 ‚
1327 2805 1501 2841 Fab.200.
1534 2801 1769 2843 Verdizotti,
1795 2810 1882 2851 pag.

455 2860 530 2897 235.
559 2852 595 2886 P.
619 2851 739 2896 Targa
759 2874 767 2890 ‚
793 2848 880 2884 Fab,
904 2856 978 2891 130,

370 2920 393 2950 Ι
416 2916 463 2952 A.
496 2912 667 2952 Gellius,
695 2911 745 2948 -L.
770 2917 823 2954 13.
857 2909 897 2946 C.
923 2916 965 2944 11
1002 2882 1273 2952 Lepi'dz'ffimus
1294 2903 1393 2940 libe-r
1415 2903 1463 2951 est
1484 2904 1541 2940 M.
1566 2902 1766 2942 Varronis
1788 2923 1798 2941 ‚
1833 2909 1883 2934 ex
