2051 3292
280 216 457 270 LIB.
498 211 937 267 DECIMUS
976 208 1403 264 TERTIUS.
1511 218 1616 275 405

750 331 811 361 ‘¹3-
840 328 868 360 «ι’
895 331 939 364 (⁹
959 361 968 367 ‚

784 389 802 399 -.
879 369 915 405 'xi-,x
958 371 961 372 ⁷

55 472 125 525 Et
151 474 370 543 turpiter
394 473 687 522 eminentes
717 472 771 522 in
801 488 919 522 eam
943 469 1182 537 conjicit,

52 554 344 623 Vibratque
372 556 518 607 virus
535 592 547 614 ‚
587 552 968 622 aspefitumque
995 563 1242 605 mutuum

49 639 332 700 Sollicitat,
372 646 435 689 ut
456 640 757 690 intuentem
784 639 978 689 obtutu
1005 638 1253 689 fascinet:

50 723 194 775 Tum
219 726 411 784 latera,
437 721 651 776 sufflans
669 760 681 783 ‚
707 722 1076 789 horridamque
1102 721 1269 789 agitat
1291 726 1499 779 cutem,

50 808 120 860 Et
147 825 234 858 ore
268 809 446 877 patulo
473 807 682 875 spiritus
713 808 1010 859 teterrimos

48 893 290 953 Emittit,
343 890 546 942 occulta
573 890 866 943 attrahendi
892 891 1133 958 praeditos

51 977 285 1032 Virtute.
322 977 514 1042 Magno
541 974 589 1028 se
616 975 767 1042 objici
794 976 1023 1042 periculo

50 1058 311 1126 Intelligit
336 1059 557 1110 Mustela
572 1075 586 1119 3
622 1058 759 1110 hunc
785 1057 1058 1109 adversum
1080 1068 1257 1111 tamen

51 1142 245 1195 Contra
270 1143 537 1202 intuetur,
574 1139 661 1193 &z
695 1142 746 1192 A
771 1142 1033 1203 monstro,
1070 1144 1269 1210 inquit,
1308 1142 1446 1194 allici

56 1228 193 1280 Tam
220 1229 392 1296 turpi,
431 1236 644 1294 tamque
680 1227 1029 1279 abominando
1056 1245 1139 1278 me
1164 1226 1368 1280 finam?

50 1314 307 1366 Horresco
331 1315 608 1380 reputans!
647 1310 834 1372 satius,
875 1311 1010 1364 heu!
1050 1313 1212 1363 fuerit
1236 1313 1383 1364 mori.

53 1398 154 1452 Sed
187 1399 451 1451 allicietur
477 1397 660 1448 misera
678 1435 692 1458 ,
731 1395 788 1448 &
815 1398 1072 1448 morietur
1101 1396 1269 1448 simul.

53 1484 192 1538 'Nam
218 1482 351 1534 Bufo
380 1477 646 1549 postquiun
673 1479 806 1530 vidit
833 1480 1112 1531 attonitam
1138 1487 1285 1530 metu
1304 1515 1318 1539 ‚

52 1569 123 1622 Et
151 1568 444 1635 inquietam
465 1603 479 1625 ‚
519 1563 574 1615 &
600 1564 937 1632 aspicientem
966 1564 1282 1628 identidem»,

52 1653 255 1706 Cubare
281 1651 574 1719 perseverat
600 1650 655 1700 in
686 1649 869 1699 eodem
896 1648 1044 1710 loc03

53 1737 242 1805 Neque
269 1734 392 1787 vero
419 1731 627 1802 segnius
654 1734 867 1784 interim
892 1733 1211 1802 corpusculis

53 1815 324 1873 Missilibus
347 1820 503 1872 instat
530 1818 758 1888 praedam
782 1816 1231 1869 circumscribere:

58 1905 303 1965 Quorum
328 1903 420 1954 illa
440 1902 545 1969 jam
569 1919 674 1952 non
699 1897 1035 1955 affluentiam
1065 1901 1246 1950 valens

54 1988 316 2048 Sufferre‚
355 1987 544 2048 resilit,
581 1984 807 2047 subsilit,
847 1985 1037 2054 quaerit
1061 1984 1187 2036 mali

60 2073 366 2138 Effugium‚
402 2071 713 2139 nullumque
743 2072 975 2132 invenit,
1013 2070 1193 2137 patulo
1224 2063 1320 2118 nisi

65 2158 179 2207 Hoc
208 2154 311 2223 ipso
339 2155 393 2204 in
422 2170 534 2213 ore,
573 2153 715 2220 quod
742 2153 936 2220 refugit
962 2153 1298 2204 abominans:

59 2239 284 2305 Hucque
312 2246 535 2295 tarnem,
574 2232 678 2286 huc
703 2234 808 2302 jam
836 2252 941 2286 non
971 2234 1254 2301 confugere
1285 2247 1390 2283 non
1414 2227 1605 2298 potest:

59 2321 129 2375 Et
157 2327 322 2370 morte
348 2318 492 2386 pejus
518 2320 698 2369 mortis
727 2316 891 2370 obviae
920 2333 1116 2368 moram
1133 2354 1146 2377 ,

61 2404 356 2463 Infatuata,
396 2402 596 2452 malum
623 2402 916 2464 existimat,
955 2419 1053 2454 nec
1075 2399 1324 2461 sustinet3

61 2491 138 2542 At
167 2489 220 2538 in
243 2485 595 2555 sepulchrum,
633 2485 775 2553 quod
803 2484 894 2536 fibi
922 2494 1162 2553 paratum
1192 2483 1337 2536 videt

64 2570 224 2621 Hiare
242 2607 255 2630 ‚
294 2569 401 2621 sese
433 2570 605 2638 capite
630 2585 791 2636 prono
820 2568 1047 2635 conjicit.

135 2652 321 2703 Trahit
347 2652 628 2720 aliquando
658 2652 880 2713 vitium,
906 2652 989 2703 vel
1017 2650 1183 2701 forma
1212 2646 1350 2700 truci

66 2735 366 2792 Horribile:
392 2739 519 2808 quid
545 2747 664 2807 agat
691 2736 858 2806 specie
888 2737 1080 2791 blanda
1105 2735 1376 2788 subdolum
1392 2729 1421 2782 ἓ

1327 2890 1495 2955 Dd3
