2051 3292
386 233 490 289 510
673 213 893 267 ΕΑΒ.
954 213 1640 267 AESOPJARUM

761 460 1236 524 FABULA
1321 462 1566 524 XXX.

764 608 950 668 Simia
981 602 1051 669 ξς
1082 608 1377 691 Οαβαηεαε
1401 631 1560 670 nuces

388 709 459 795 E
474 758 514 791 R
531 757 554 790 1
571 757 600 791 c
617 756 639 787 1
658 756 692 789 o
721 735 897 787 furata
920 733 1196 788 Castaneas
1225 744 1337 787 erat

389 824 549 879 Simia
571 822 760 873 virenti
785 820 955 873 adhuc
981 828 1182 887 opertas
1209 823 1427 882 cortice,

387 907 703 972 Circfimque
727 904 880 972 spinis
908 903 1142 955 horridas
1173 904 1494 956 minacibus:

389 991 466 1043 Os
496 989 660 1055 igitur
687 986 788 1037 inis
817 986 1097 1038 admovere
1124 1003 1230 1036 non
1258 986 1422 1054 potest
1439 1023 1454 1047 ,

387 1074 531 1135 Quin
553 1073 694 1125 labra
717 1081 903 1122 tenera
930 1071 1095 1137 pungi
1130 1071 1325 1123 aculeis
1351 1076 1554 1138 gemat:

391 1161 563 1221 Quem
588 1157 789 1209 sensum
818 1165 1030 1225 experta
1058 1165 1139 1208 ter
1156 1195 1170 1218 ,
1209 1166 1396 1225 quater
1417 1153 1687 1226 postquhm
1709 1155 1814 1208 fuit

390 1249 542 1302 Hanc
566 1244 665 1298 effe
696 1245 908 1297 demum
930 1242 1061 1294 furti
1085 1242 1367 1296 vindictam
1395 1250 1576 1312 putat,

393 1335 679 1399 Nucesque
705 1329 913 1380 domino
939 1327 1113 1379 reddit
1135 1329 1365 1395 integras
1394 1328 1503 1385 suu,

468 1418 580 1470 Hos
608 1417 806 1468 indicat
831 1415 1021 1468 fabella
1051 1415 1283 1467 stimulos
1307 1416 1567 1475 vindiceS‚

395 1506 501 1567 Qui
525 1521 641 1567 cor,
681 1502 921 1554 facinoris
950 1499 1207 1553 conscium
1235 1502 1437 1570 injusti,
1474 1505 1733 1569 premunt.

736 1686 782 1748 F
813 1684 876 1749 A
908 1688 963 1750 Β
992 1689 1050 1750 U
1080 1689 1130 1750 L
1163 1683 1226 1748 A
1320 1687 1381 1748 X
1407 1687 1467 1749 X
1495 1687 1554 1748 X
1584 1686 1628 1748 Ι.

865 1818 1077 1880 Cornix
1101 1817 1171 1881 ἓξ
1199 1818 1501 1881 Columbae.

400 1919 461 2006 P
479 1968 513 2002 E
532 1967 569 2000 N
589 1965 626 1999 U
648 1967 687 2000 R
702 1967 724 1999 1
743 1966 782 1998 A
812 1945 982 2000 victus
1009 1948 1290 1999 Cornicum
1314 1948 1536 2016 urgebat
1562 1964 1804 2014 gregem:

399 2037 638 2098 Quarum
666 2050 774 2084 una
790 2070 804 2094 ‚
842 2034 1174 2100 praevalentis
1203 2035 1478 2100 impatiens
1502 2035 1643 2102 gulae
1658 2070 1674 2094 ,

402 2119 538 2174 Cum
567 2119 732 2170 nollet
759 2119 898 2169 ultra
924 2135 1042 2169 cum
1069 2117 1325 2168 sororibus
1352 2117 1456 2168 suis

401 2206 537 2259 Tam
564 2203 843 2254 difficulter
867 2200 1116 2253 sustinere
1140 2201 1375 2269 spiritum
1391 2238 1405 2262 ,

399 2287 674 2354 Scire-tque
698 2285 929 2356 proxim&
956 2285 1009 2335 in
1038 2286 1408 2338 Columbarum
1435 2286 1584 2338 domo

402 2375 647 2427 Ciborum
678 2372 839 2426 inesse
867 2375 1098 2442 copiam,
1137 2372 1264 2427 illuc
1290 2374 1528 2436 devolat,

401 2455 662 2523 Subitque
679 2493 692 2514 ‚
731 2453 937 2505 noctem
965 2457 1089 2507 dum
1117 2458 1483 2524 crepusculum
1508 2456 1683 2510 trahit.

405 2539 608 2593 Vident
635 2536 931 2597 Columbae,
970 2554 1067 2587 nec
1097 2538 1340 2604 abigunt:
1379 2547 1487 2588 tam
1512 2537 1716 2591 strenue

407 2620 764 2673 Tuburcinari
793 2618 1117 2670 demirantur
1142 2620 1275 2672 hanc
1308 2620 1550 2688 quidem3

405 2704 509 2757 Sed
535 2703 763 2770 aliquam
791 2702 1010 2751 credunt
1036 2702 1100 2752 de
1126 2702 1214 2753 suo
1244 2720 1435 2770 genere
1459 2703 1705 2770 hospitam
1722 2740 1739 2765 ,

407 2786 707 2856 Sinuntque
723 2823 739 2848 ,
777 2786 1109 2854 gaudentque
1137 2786 1246 2854 ejus
1274 2786 1469 2853 expleri
1493 2785 1701 2838 famem.
