2051 3292
240 207 419 260 ΜΒ.
460 201 901 259 DECIMUS
946 201 1392 272 QUINTUS.
1500 219 1609 274 495

48 459 267 513 Consilia
305 458 342 510 fi
377 456 529 509 modo
565 473 681 508 mea
720 471 826 506 non
863 456 1036 523 pigeat
1074 455 1234 524 sequi.
1278 515 1280 518 ,

45 540 146 595 Hic
177 553 300 594 nata
326 538 492 591 subito
523 540 595 591 est
624 554 813 605 magna
841 539 1137 601 curiositas,

46 623 433 689 Silentiumque
463 621 609 676 fecit.
647 621 744 673 Illa
767 619 832 671 fic
861 621 1047 673 dehinc

50 709 410 775 Prosequitur:
449 708 511 759 In
539 724 600 757 eo
629 708 797 758 nostra
822 710 1042 760 vertitur
1064 707 1084 742 ⁶
1114 708 1282 772 salus,

46 791 147 842 His
177 787 214 840 fi
235 790 358 840 locis
377 827 390 850 ,
430 804 763 857 quocumque
791 791 995 842 licuerit
1017 792 1201 855 modO,

44 872 350 931 Discedere,
386 888 452 922 ne
479 873 737 940 capiamur
767 872 936 924 hostili
971 889 1132 924 manu
1149 912 1163 935 ,

48 952 415 1020 properemus:
454 955 632 1022 itaque
659 959 854 1017 vincla,
893 973 1013 1024 quac
1040 974 1133 1007 nos
1173 958 1413 1014 detinent

51 1033 234 1088 Misere
266 1037 568 1104 impeditaS,
605 1040 842 1107 linquere
867 1041 1110 1107 quoniam
1140 1042 1212 1093 est
1237 1044 1411 1105 nefaS,

49 1117 342 1169 Tentemus
360 1155 373 1178 ,
413 1134 586 1169 annon
612 1119 714 1187 ipsa
740 1121 1002 1174 nobiscum
1034 1134 1233 1191 queant

48 1200 191 1253 Ferri
217 1200 338 1252 hinc
373 1218 463 1268 per
490 1218 671 1255 auras:
701 1220 873 1270 neque
901 1204 1106 1255 fortafi'e
1133 1222 1213 1255 res
1237 1207 1310 1256 ita

47 1285 291 1338 Difficilis
317 1286 500 1338 fuerit:
538 1289 695 1338 immo
719 1288 927 1339 felicem
950 1291 1154 1340 exitum

48 1372 361 1423 Promittere
385 1369 548 1421 aufim
565 1409 579 1432 ,
619 1372 742 1424 dum
770 1372 1119 1423 studuerimus
1145 1388 1292 1442 pares
1309 1413 1325 1436 ,

52 1456 266 1523 Sibique
295 1453 506 1506 minime
536 1455 878 1524 discrepantes
896 1495 909 1517 ,
947 1457 1173 1525 impetus

50 1538 299 1590 Conferre
326 1539 380 1588 in
404 1555 584 1589 unum.
623 1537 777 1589 Dicta
803 1537 1004 1590 cunr‘tae
1033 1542 1368 1609 comprobant
1384 1562 1402 1605 ;

52 1623 121 1677 Et
147 1638 267 1689 quae
295 1620 562 1672 confilium
590 1623 868 1691 impertiit,
906 1621 1029 1674 facti
1059 1623 1244 1675 ducem

51 1703 258 1755 Habere
289 1705 526 1773 cupiunt.
563 1706 663 1756 Illa
692 1704 795 1756 sese
821 1707 1056 1775 protinus

56 1784 270 1837 Summa
302 1788 351 1838 vi
376 1786 638 1852 adurgens
666 1797 842 1840 movet
872 1789 927 1839 in
952 1788 1215 1841 obstantes
1242 1792 1453 1858 plagaS,

53 1867 378 1936 pulsansque
402 1869 456 1919 in
486 1871 649 1921 altum
676 1871 874 1931 tendit,
914 1869 969 1922 &
994 1885 1192 1938 pennas
1217 1874 1385 1939 quatit

56 1950 331 2002 Animosa:
370 1950 615 2020 idemque
643 1952 800 2006 socias
828 1965 891 2005 ut
918 1954 1112 2005 faciant
1138 1964 1347 2008 monet:

57 2035 210 2086 Ultro
238 2034 620 2089 obsecundant:
660 2041 805 2091 nulla
831 2056 937 2091 non
962 2041 1245 2102 adnititur,

59 2118 330 2185 Quidquid
356 2120 461 2186 opis
491 2120 544 2168 in
570 2120 620 2171 se
646 2123 746 2183 est,
786 2122 909 2173 dare
935 2123 1087 2175 saluti
1113 2124 1350 2193 publicae.

59 2201 211 2254 Hanc
239 2201 392 2251 Retia
418 2202 507 2252 diu
538 2205 726 2255 virium
753 2207 1079 2258 concordiam

63 2286 206 2338 Tam
236 2285 553 2351 pertinacem
580 2288 827 2350 sustinere
854 2307 961 2341 non
989 2291 1190 2344 valent:

60 2366 297 2434 Cumque
326 2366 427 2433 ipsa
452 2369 592 2419 venti
617 2369 788 2421 subter
812 2386 974 2437 agens
1004 2373 1080 2423 vis
1107 2374 1272 2425 acrior

59 2448 315 2516 Coeptum
344 2448 643 2514 adjuvaret,
680 2454 846 2522 ruptis
871 2471 992 2505 mox
1017 2457 1321 2509 retinaculis

60 2531 351 2586 Tolluntur
381 2531 471 2582 illa
498 2535 552 2584 in
579 2551 764 2588 auras:
803 2536 859 2589 δε
885 2547 1123 2608 repetens
1151 2543 1365 2599 domum

63 2611 280 2681 Captiva
308 2622 478 2682 portat
503 2634 758 2670 carcerem
785 2619 931 2673 suum
958 2624 1156 2678 cohors,

108 2755 130 2792 6
151 2756 193 2792 T.
210 2755 338 2791 Livius
355 2781 363 2795 ‚
388 2757 472 2802 L.3.
497 2759 602 2804 (3.46.
627 2761 674 2796 de
695 2762 865 2807 Virgini&
895 2765 928 2799 &
952 2767 1123 2810 virginio
1143 2767 1228 2813 ejus
1242 2776 1370 2813 patre:
1401 2771 1449 2804 In
1472 2779 1512 2803 eo
1528 2772 1625 2808 verti

191 2801 349 2842 puellae
372 2800 551 2843 salutem,
568 2804 601 2851 fi
620 2806 765 2852 postero
797 2809 863 2842 atie
884 2809 1033 2844 vindex
1058 2811 1222 2853 insuriae
1258 2815 1313 2846 aa
1337 2816 1495 2857 tempus
1526 2824 1631 2859 722·aeoe

183 2842 243 2887 sto
265 2842 359 2888 eſjec,
