2051 3292
317 237 493 295 ΜΒ.
545 235 982 294 DECIMUS
1030 233 1483 307 QUARTUS.
1594 252 1701 307 447

138 490 371 562 Tempus
397 495 640 545 futurum
656 530 670 553 ‚
708 492 939 558 cogitare
964 493 1091 544 dum
1113 494 1332 556 timent,

133 576 445 637 Pascuntur,
484 575 844 637 obleetantur,
897 577 1167 643 garriunt,
1205 583 1417 630 canunt.

130 658 341 712 Interea
368 670 606 727 properat
636 661 823 711 exoriri
851 661 1096 711 cannabis
1113 696 1128 720 ,

128 743 489 814 Campumque
511 743 617 811 jam
644 761 853 796 omnem
879 744 1056 795 viridis
1083 743 1315 796 occuluit
1342 743 1507 812 seges,

127 831 372 899 Prospicit
395 830 633 881 Hirundo
650 867 664 890 ,
701 831 954 898 Avesque
974 831 1148 882 rursus
1178 831 1496 884 admonens:

129 915 272 969 Dum
297 926 503 978 tenera,
546 918 780 985 dumque
809 919 1046 985 gramina
1074 920 1166 971 ista
1195 918 1313 971 sunt
1337 919 1508 972 adhuc

128 999 361 1065 EXIgua,
400 997 581 1050 vellite
609 998 838 1067 fingula,
877 1000 1079 1067 inquit,
1118 999 1175 1053 dc
1199 1000 1394 1052 malam

128 1084 355 1135 Abolete
381 1082 626 1150 segetem.
665 1080 767 1134 Hic
791 1082 1092 1151 obstrepunt
1121 1098 1301 1135 omnes
1328 1081 1483 1135 simul

127 1166 518 1218 ConvicianteS.
571 1166 646 1218 At
685 1181 856 1216 meam
890 1166 1023 1216 hanc
1062 1167 1245 1218 saltem
1289 1166 1532 1221 ultimam

125 1246 555 1299 Admonitionem
581 1261 675 1306 ne,
713 1245 920 1313 inquit,
961 1247 1335 1316 aspernemini:

128 1329 319 1382 Statim
343 1344 402 1378 ac
428 1329 595 1396 parari
622 1317 678 1378 ὃς
704 1327 887 1379 instrui
916 1329 1158 1380 videbitis

127 1413 412 1481 Caffesque
440 1411 773 1480 perfidosque
799 1413 1113 1478 laqueorum
1146 1412 1323 1476 dolos,

127 1498 288 1562 Quod
318 1497 375 1549 δε
404 1496 508 1566 ipsa
533 1496 680 1548 vobis
705 1495 813 1546 esca
837 1497 1142 1548 monstrabit
1167 1497 1290 1548 satis

127 1576 419 1648 Benignius
452 1588 471 1614 2
506 1576 758 1647 projesta:
795 1587 923 1631 tunc
963 1578 1188 1631 absistite

127 1663 250 1719 Huc
279 1662 452 1734 passim
484 1651 540 1714 δὲ
563 1659 690 1714 illuc
715 1664 1017 1731 pervagari,
1053 1673 1114 1715 ut
1140 1671 1332 1727 antea3

126 1748 231 1802 Sed
258 1749 312 1799 in
338 1748 551 1798 remotis
577 1748 842 1799 continete
867 1763 960 1798 vos
989 1747 1132 1799 iocis,

127 1831 239 1885 Nos
266 1830 387 1882 hinc
413 1831 623 1898 quidem
651 1830 926 1882 didicimus
953 1829 1007 1880 in
1033 1832 1162 1882 alias
1184 1829 1369 1900 procul

129 1915 421 1969 Abscedere
441 1914 650 1983 plagas:
688 1912 873 1967 verum
902 1915 968 1966 ad
994 1914 1092 1965 hoc
1117 1916 1255 1968 bono
1279 1915 1355 1969 est
1378 1929 1513 1984 opus

130 1997 370 2063 Remigio
396 1998 621 2059 alarum,
661 1996 817 2064 quale
843 1996 1020 2064 paucis
1045 1996 1249 2065 obtigit.

128 2078 419 2132 Prudenter
444 2079 813 2131 admonentem
837 2080 973 2131 ferre
997 2097 1102 2133 non
1128 2082 1297 2150 potest

131 2160 273 2212 Gens
300 2162 550 2222 obstinata
576 2163 719 2215 hunc
747 2182 913 2232 usque
939 2166 1147 2218 vivendi
1172 2164 1390 2216 modum

131 2242 379 2305 Servare,
417 2243 506 2311 qui
530 2243 702 2295 levem
728 2262 866 2297 unus
895 2246 1129 2298 indolem
1152 2246 1333 2314 juvat:

262 2400 430 2443 Satyris
461 2401 707 2446 Menippeis,
745 2401 815 2444 qui
848 2400 1102 2447 inscribitur,
1139 2403 1272 2440 Nescis
1302 2401 1396 2449 quid
1424 2401 1561 2448 vesper
1589 2401 1693 2439 serus

260 2445 389 2480 vehat.
421 2443 602 2488 Virgilius
618 2469 626 2484 ,
652 2446 790 2488 Georg.
804 2445 846 2479 L.
863 2445 891 2479 Ι.
916 2445 961 2480 V.
987 2447 1062 2489 460.

423 2487 621 2531 Denique,
648 2488 738 2532 quid
762 2487 891 2531 vesper
911 2487 1012 2524 serus
1033 2489 1149 2523 vehat
1175 2488 1245 2525 διε.

263 2531 410 2606 δεὲς-ῑίεει
436 2533 590 2605 ,πῌρῖίὶ
614 2540 670 2576 31.
728 2533 838 2566 Deus
873 2531 943 2566 ille
978 2532 1188 2566 maximus
1226 2531 1585 2579 potentiffimusque
1616 2529 1696 2577 ''El’‘

261 2583 310 2608 VC
339 2584 349 2606 1
387 2583 445 2606 Um
480 2585 537 2610 za.

177 2646 200 2676 2
220 2634 422 2674 Terentius
437 2659 446 2674 ,
476 2635 593 2679 Hecy.
617 2633 697 2671 A&
711 2642 744 2679 5.
766 2633 823 2669 Sc.
837 2641 869 2668 2.
893 2635 941 2672 V.
955 2643 987 2671 2.

744 2676 852 2718 Quod
874 2688 970 2721 opus
994 2676 1060 2716 fit,
1084 2676 1253 2722 benigne
1302 2676 1500 2711 raebeatur.

424 2719 496 2756 Ubi
516 2721 682 2756 Donatus
704 2719 904 2758 admonet,
928 2720 1094 2761 benigne
1118 2720 1220 2755 idern
1242 2730 1265 2757 e
1295 2730 1319 2756 e
1342 2730 1384 2755 ac
1407 2718 1535 2761 large.

264 2762 464 2804 Horatius,
488 2764 574 2800 L.1.
597 2763 710 2808 Od.9.
736 2765 831 2808 V.5.

512 2805 673 2842 Diffolve
693 2806 832 2850 frigus,
856 2805 961 2850 ligna
989 2806 1097 2849 super
1123 2806 1209 2839 foco

510 2849 631 2894 Large
652 2859 866 2892 reponens,
889 2857 1005 2893 atque
1028 2847 1232 2895 benignius

678 2892 868 2937 Deptome
891 2892 960 2930 ὄις.
