2051 3292
355 207 461 277 546
797 185 1476 246 SENTENTIAE.

365 456 602 517 Stultitia
629 450 873 503 comitem
902 444 941 496 fi
971 443 1078 496 fors
1108 443 1455 510 arrogantiam

365 541 653 602 Habuerit,
690 534 925 587 homines
956 540 1157 582 certum
1184 531 1238 580 in
1271 529 1492 580 exitium
1522 522 1696 578 trahit.
1745 537 1793 589 p.
1815 536 1931 588 104.

367 679 576 734 Stultus
608 668 815 724 inimico
845 663 976 731 saepe
1008 662 1207 714 amicus
1239 662 1356 729 plus
1387 666 1557 713 nocet.
1604 674 1653 726 p.
1674 657 1794 724 316.

368 815 531 869 Suam
559 802 754 858 dolebit
782 794 1034 864 languida
1061 790 1298 844 semettus
1328 792 1525 850 vicem,

366 886 635 951 Laboriosa
664 885 720 936 ni
745 882 998 950 juventus
1032 882 1305 944 praecavet.
1357 888 1405 939 p.
1438 889 1488 938 7.

367 1017 462 1074 Sui
495 1016 614 1068 data
644 1012 847 1071 anima,
885 1022 975 1075 pro
1002 1001 1105 1054 sale
1124 1040 1138 1064 ,
1178 1019 1245 1051 ne
1276 998 1606 1067 putresceret.
1642 1013 1690 1065 p.
1711 1011 1833 1064 302,

369 1134 491 1188 Suis
524 1132 753 1183 Fortuna
784 1142 942 1194 quem
972 1118 1227 1186 saginavit
1253 1116 1434 1174 boniS,

367 1219 491 1275 Non
523 1212 671 1269 facile
699 1218 931 1279 emerget
960 1205 1197 1276 praesenti
1227 1202 1472 1272 periculo,
1501 1216 1549 1269 p.
1569 1209 1656 1267 38.

371 1349 478 1403 Suo
510 1345 809 1414 cumplures
840 1337 1084 1409 gratiosos
1113 1335 1337 1402 Principi

371 1430 674 1487 Temeraria
704 1429 827 1479 olim
856 1423 1083 1494 perdidit
1115 1419 1328 1472 fiducia.
1364 1416 1553 1486 p.476.

372 1563 706 1632 Superbienti
740 1561 872 1612 dixit
899 1559 1221 1611 Amarantus
1250 1553 1442 1605 Rosae:

370 1647 586 1706 Colore,
623 1644 780 1695 odore
812 1643 1024 1702 vincor;
1063 1648 1118 1691 at
1145 1639 1261 1690 vivo
1293 1637 1401 1689 diu,
1439 1637 1591 1703 p.63.

378 1776 626 1846 Suspefta
654 1778 770 1828 laus
789 1812 804 1836 ,
829 1789 989 1841 quam
1019 1771 1218 1824 summa
1250 1768 1473 1836 potestas
1507 1765 1723 1818 obtinet.
1759 1781 1807 1834 p.
1831 1768 1951 1821 161.

381 1910 527 1965 Suus
560 1908 631 1962 est
659 1906 920 1977 petendus
948 1905 1140 1972 cuique
1172 1902 1487 1953 conveniens
1517 1902 1681 1952 locus,
1719 1916 1767 1967 p.
1788 1917 1910 1969 452.

384 2039 525 2095 Suus
554 2038 841 2105 unicuique
875 2034 1290 2102 circumscriptus
1323 2031 1393 2083 est
1423 2033 1570 2082 locus
1587 2069 1603 2093 ,

385 2122 559 2185 Quem
586 2120 850 2189 praeterire
882 2118 990 2170 fine
1021 2119 1211 2186 periclo
1245 2134 1351 2169 non
1381 2116 1519 2168 licet.
1555 2132 1603 2183 p.
1624 2130 1709 2185 74.

1134 2282 1201 2344 T.

390 2406 526 2459 Tam
556 2405 839 2459 facinorosa
870 2408 1133 2459 neminem
1165 2409 1272 2460 vita
1301 2410 1573 2478 inquinat,

391 2489 498 2551 Qui
529 2491 682 2542 laude
712 2490 761 2542 se
794 2490 970 2557 aliqua
1003 2491 1220 2559 dignum
1251 2510 1358 2544 non
1397 2494 1668 2545 existimet.
1708 2508 1756 2561 p.
1775 2505 1896 2563 289.

392 2618 620 2681 Tardat,
658 2619 1152 2688 hebetatqueluxus
1170 2621 1441 2675 hominum
1459 2625 1780 2680 industriam.
1809 2643 1856 2695 p.
1872 2643 1956 2697 74.

391 2743 610 2800 Tenues
636 2757 911 2817 potentum
938 2749 1152 2816 injurias
1183 2729 1376 2803 discant
1399 2756 1532 2821 pati,

394 2828 476 2893 Ne
494 2868 510 2898 ,
547 2830 587 2882 fi
614 2839 938 2900 repugnent,
966 2833 1177 2897 gravius
1211 2833 1462 2888 arcessant
1489 2837 1704 2891 malum.
1734 2854 1781 2906 p.
1800 2852 1947 2906 414·
2019 2863 2022 2866 ⁴
