2051 3292
76 527 368 580 DescendO.
386 566 396 576 .
418 567 430 578 .
468 525 767 576 manedum.
805 524 880 574 At
904 525 992 575 illa
1021 525 1205 577 vesano
1233 536 1382 580 metu

74 609 336 669 Perculsa,
375 608 597 658 celerem
619 607 723 674 jam
752 605 1011 675 capessivit
1034 608 1229 675 fugam.

143 692 402 758 Decipere
431 691 524 759 qui
550 690 689 752 vult,
719 691 974 759 decipitur
997 691 1316 746 meritiffimo
1351 702 1390 751 9,

370 872 840 937 FABULA
937 876 1340 942 XXVIII.

525 1016 751 1093 Magus
790 1011 862 1078 &⁴
900 1017 1231 1079 Circulatoen

78 1126 182 1217 So
199 1176 231 1209 L
248 1175 319 1210 IT
337 1173 420 1210 US
457 1173 550 1225 per
577 1165 711 1209 artes
738 1154 1072 1208 exsecrandas
1102 1175 1334 1225 quaerere

78 1246 315 1301 Subsidia
349 1248 532 1298 duram
570 1253 749 1296 contra
772 1247 1072 1312 pauperiem
1100 1248 1284 1313 Magus
1296 1285 1312 1309 ,

78 1332 150 1383 Et
174 1329 459 1383 Circulator
488 1327 675 1381 ᾶοξὶυε
698 1327 884 1379 humili
907 1329 961 1378 in
987 1330 1189 1396 pulpito

78 1417 298 1483 Agitare
327 1422 538 1481 gentem
561 1413 901 1479 pigmaeorum
924 1410 1153 1478 ligneam
1190 1421 1208 1446 1
1226 1451 1241 1474 ,

82 1504 380 1570 Cauponam
412 1500 651 1552 eamdem
676 1499 741 1549 ad
771 1499 1033 1567 publicam
1061 1501 1411 1556 devenerant:

82 1587 235 1640 Unde
267 1577 420 1644 effet,
460 1582 516 1634 &
542 1579 646 1649 quo
674 1582 890 1633 duceret
915 1583 1042 1643 iter,
1083 1585 1306 1637 invicem

82 1666 358 1738 Postquam
385 1667 663 1734 rogarunt,
701 1674 764 1716 ut
789 1665 1012 1717 viatores
1039 1667 1231 1720 solent:

85 1753 267 1820 Magus
293 1753 429 1820 prior
456 1752 557 1801 ait:
597 1749 837 1800 Advenio
866 1748 1104 1803 Lutetia:

87 1838 167 1891 Ibi
191 1836 489 1887 consuetum
512 1832 734 1884 Tartaro
763 1830 992 1883 officium
1019 1833 1148 1884 mihi

86 1923 392 1981 Praestante,
429 1920 595 1970 varias
621 1934 709 1985 per
744 1916 1073 1986 locupletum
1101 1920 1282 1971 domos

93 2005 317 2059 Exhibui
340 2004 578 2054 humanis
609 2003 868 2069 superiora
893 2003 1088 2055 viribus

94 2085 362 2151 Prodigia:
399 2080 608 2143 verum,
646 2084 781 2137 heu!
821 2087 1077 2153 quidlibet
1104 2088 1316 2140 monstri
1352 2086 1555 2149 darem,

101 2169 446 2231 Humanae-id
473 2185 598 2234 opus
628 2169 700 2219 est
730 2174 987 2222 creditum
1016 2172 1233 2224 solertiae

96 2261 364 2327 Plerisque
395 2259 718 2319 hominibUS,
756 2260 1068 2330 feminisque
1095 2263 1347 2323 maxime,

99 2345 233 2406 Quae
260 2341 670 2411 philosophorum
699 2359 881 2411 regere
907 2362 1049 2397 nune
1075 2347 1238 2398 solent
1263 2361 1461 2415 greges,

98 2428 341 2496 Spretum
365 2425 522 2491 igitur
548 2426 714 2474 omnis
741 2443 822 2477 me
850 2427 1038 2479 fefellit
1064 2429 1171 2495 spes
1199 2431 1362 2492 lucri3

99 2511 373 2577 Magisque
400 2525 594 2577 pauper
617 2511 794 2561 abiens
813 2550 826 2571 ‚
866 2513 1020 2580 quam
1049 2515 1362 2576 adveniem,
1389 2514 1487 2569 fui.

101 2594 185 2648 Sic
212 2594 399 2660 Nlagus
416 2631 429 2652 ‚
467 2602 519 2643 at
546 2604 724 2646 contra
752 2595 1040 2648 Circulator
1064 2597 1131 2649 fic
1159 2599 1350 2663 resert3

105 2679 315 2731 Diversa
347 2675 500 2744 longe
536 2677 671 2731 fafta
696 2696 778 2730 me
801 2681 855 2730 in
890 2681 1190 2747 voraginem

150 2832 171 2865 9
193 2821 341 2857 Cicero,
368 2818 414 2854 de
435 2821 533 2855 Orat.
559 2820 601 2855 L.
619 2831 649 2855 ῐ.
673 2821 780 2866 (3.55.
833 2823 953 2867 Quem
977 2832 1112 2859 omnes
1136 2832 1275 2858 amare
1298 2818 1551 2861 meritissimo,
1581 2827 1655 2864 pro

234 2864 323 2900 eins
343 2863 496 2897 eximiii
507 2862 733 2907 suavitate,
761 2864 957 2900 debemus,

150 2914 170 2942 Ι
196 2907 360 2945 Gallice,
393 2907 662 2943 Marionecces.

1352 2952 1520 3007 th
